4762 6256
231 377 281 447 aa
807 371 1238 448 EPISTOLARUM
1297 355 1415 448 utu.
1438 371 1484 444 x.
1540 370 1673 448 roto.
2220 373 2269 446 40

135 585 150 592 -
234 545 302 614 lide
323 561 355 614 et
370 547 554 636 diligentia
568 563 651 620 sont
665 561 893 640 pertractata,
920 547 1010 616 sieut
1026 546 1100 617 eius
1116 545 1226 652 actio(
1273 542 1449 614 illustrior
1462 568 1502 612 ac
1516 547 1650 636 populo
1660 559 1696 615 et
1711 545 1950 617 ecclesiaeDei
1967 547 2076 634 magis
2091 546 2266 620 salutaris,

237 649 294 716 nis
313 671 486 717 summam
506 649 723 738 legetisaD.
738 645 895 720 Brenlr'o
911 649 1070 728 missam,
1095 671 1179 716 nam
1195 657 1228 714 et
1272 669 1377 737 quam
1400 647 1606 736 propagatio
1638 661 1673 716 et
1694 648 1914 717 conservatio
1949 647 2106 715 coelestis
2133 647 2266 715 doctri-

239 750 269 817 is
292 750 445 842 aliquam
469 755 619 840 gratiam
642 753 734 820 inire
756 752 880 824 voluit.
937 746 1103 818 Baccarus
1124 748 1228 818 valde
1274 770 1354 815 nae:
1381 747 1430 815 ita
1455 764 1489 818 et
1507 749 1600 818 inter
1616 749 1803 839 praecipua
1820 763 2028 818 ornamenta
2048 747 2176 818 lnvict.
2193 746 2267 816 lm-

157 884 160 893 ·
240 851 389 921 idoneus
410 856 522 922 estad
546 850 610 922 has
626 855 798 933 actiones,
825 867 859 924 et
874 875 1074 946 quanquam
1091 851 1229 942 singula
1274 845 1574 940 peratorisCaroli
1583 848 1626 922 V.
1634 847 1780 918 Domini
1795 851 1906 920 nostri
1923 850 2132 922 elementiss.
2149 851 2269 918 omnis

242 953 316 1022 eius
338 953 450 1038 dicta,
477 955 626 1045 scripta,
651 970 686 1027 et
709 957 864 1025 actiones
882 954 1069 1042 diligenter
1093 975 1158 1020 nos
1175 975 1232 1019 re·
1275 951 1458 1041 posteritas
1473 963 1506 1019 et
1521 945 1588 1020 hoc
1603 953 1741 1035 referet,
1759 954 1854 1044 quod
1870 954 1909 1019 in
1924 951 2162 1020 diiudicandis
2179 976 2268 1020 con-

242 1053 332 1147 liqui
355 1055 601 1140 obsecremus,
634 1069 751 1126 tamen
782 1057 937 1146 prolecto
970 1049 1063 1122 hanc
1093 1075 1231 1123 causam
1275 1051 1455 1121 troversiis
1472 1051 1696 1142 dereligione
1716 1076 1756 1122 ea
1772 1053 1959 1144 prudentia
1975 1067 2009 1122 et
2024 1053 2268 1122 moderatione

240 1150 411 1224 hactenus
427 1156 498 1245 egit
513 1181 649 1226 summa
665 1159 750 1240 lide,
776 1159 864 1226 sieut
883 1172 956 1226 acta
974 1158 1173 1234 ostendent,
1195 1176 1234 1220 ac
1276 1148 1392 1221 adhuc
1415 1175 1499 1222 usus
1522 1167 1591 1238 est,
1611 1167 1652 1223 ut
1672 1177 1730 1223 eas
1753 1154 2008 1224 controversias
2025 1154 2177 1246 pacificis
2191 1156 2269 1222 col-

244 1279 383 1347 semper
397 1250 854 1328 honorificammentionem
866 1255 1234 1327 s'estrorumomnium
1277 1253 1470 1324 lationibus
1505 1255 1639 1338 excuti,
1674 1279 1781 1348 quam
1813 1255 1954 1326 iniustis
1979 1251 2086 1324 armis
2112 1255 2269 1346 opprimi

178 1405 181 1412 ·
243 1357 345 1436 lacit,
378 1371 548 1449 tanquam
571 1373 709 1450 patrum
735 1373 768 1428 et
791 1371 1057 1450 praeceptorum
1079 1380 1234 1439 suorum,
1276 1355 1451 1427 maluerit.
1503 1352 1622 1443 Quam
1638 1357 1849 1451 aequitatem
1873 1371 1907 1428 et
1925 1357 2201 1427 moderationem
2228 1371 2271 1425 ut

243 1453 336 1528 nihil
351 1459 422 1547 agit
436 1459 505 1529 nisi
519 1463 730 1532 anteanobis
740 1460 920 1542 consultis,
938 1460 1036 1528 audit
1050 1473 1083 1528 et
1098 1461 1235 1528 obtem·
1277 1470 1446 1548 perpetuo
1469 1469 1609 1528 tueatur
1632 1471 1666 1527 et
1688 1472 1872 1529 conservet
1894 1482 2080 1549 precamur
2108 1471 2182 1530 toto
2205 1483 2270 1548 pe-

244 1575 344 1653 perat
358 1561 489 1630 nostris
505 1563 673 1636 consiliis.
703 1561 929 1632 Conl'erimus
945 1563 1039 1629 enim
1058 1561 1152 1631 inter
1170 1580 1235 1628 nos
1277 1571 1374 1628 ctore
1389 1572 1572 1628 aeternum
1587 1571 1723 1651 patrem
1741 1560 1878 1630 domini
1895 1561 2007 1628 nostri
2024 1559 2103 1630 lesu
2120 1554 2270 1630 Christi.

243 1661 317 1730 fere
342 1663 519 1754 quotidie,
552 1675 667 1756 neque
690 1665 877 1758 quicquam
904 1657 962 1730 hic
984 1656 1072 1730 mihi
1093 1661 1236 1730 suarius
1279 1657 1373 1746 Quia
1392 1654 1460 1728 hoc
1476 1659 1534 1728 die
1547 1684 1613 1750 pro
1629 1659 1740 1730 veteri
1756 1686 1852 1730 more
1868 1659 1914 1734 D.
1931 1655 2007 1732 loh.
2021 1657 2271 1754 Chrysostomi

247 1777 316 1846 est,
349 1787 455 1856 quam
490 1787 694 1854 congressus
721 1779 754 1833 et
787 1764 1005 1832 familiaritas
1040 1789 1121 1831 cum
1149 1763 1237 1830 viris
1279 1761 1448 1828 memoria
1463 1762 1581 1852 peragi
1597 1762 1724 1848 soleat,
1749 1757 1933 1832 humiliter
1947 1775 1981 1832 et
1997 1787 2076 1832 eum
2091 1762 2189 1832 orsini
2205 1765 2271 1830 de-

244 1865 388 1956 optimis
408 1879 443 1936 et
459 1864 690 1946 doctissimis,
712 1889 801 1958 quos
818 1867 919 1934 rideo
938 1888 1001 1934 vos
1019 1887 1142 1944 omnes
1162 1877 1235 1932 toto
1279 1861 1352 1931 hita
1376 1863 1572 1932 reverentia
1594 1863 1640 1931 ab
1663 1865 1775 1953 ipsius
1795 1860 1955 1933 Caesaris
1970 1861 2153 1933 Maiestate
2175 1865 2272 1954 peti-

242 1979 385 2056 pectore
399 1989 528 2040 amare.
1278 1985 1377 2048 mus,
1401 1963 1498 2057 quod
1516 1964 1707 2056 imperator
1722 1962 1898 2035 Arcadius
1914 1977 1948 2034 et
1963 1959 2038 2037 loh.
2055 1961 2272 2058 Chrysosto-

347 2063 554 2138 Adversarii
577 2081 618 2138 ut
638 2091 756 2138 semen
781 2069 952 2159 serpentis
974 2062 1114 2136 homini
1133 2067 1238 2136 dissi·
1279 2086 1358 2132 mus
1381 2061 1523 2134 Garnae
1544 2067 1715 2136 exercitus
1739 2065 1841 2150 duci,
1873 2067 1997 2160 iniqua
2022 2080 2056 2136 et
2076 2066 2187 2157 impia
2205 2093 2272 2158 pe-

244 2166 389 2236 millimi
419 2180 524 2254 sunt,
555 2183 709 2240 extrema
739 2165 976 2260 sophistarum
1003 2169 1079 2249 lex,
1112 2193 1237 2238 mona·
1279 2165 1677 2256 tenti,responderunt:
1705 2191 1779 2237 non
1794 2167 1899 2236 licere
1913 2167 1986 2257 regi
2001 2168 2167 2258 pietatem
2182 2192 2273 2260 pro-

247 2261 305 2336 chi
321 2269 393 2338 duo
411 2264 574 2339 homines
589 2271 886 2362 impudentissimi
902 2283 997 2355 sunt,
1012 2265 1238 2352 Malvendo,
1280 2267 1392 2336 fitenti
1406 2268 1594 2360 quicquam
1610 2271 1777 2342 adversus
1800 2293 1856 2337 res
1874 2269 2013 2337 divinas
2028 2282 2202 2355 statuere,
2230 2285 2272 2339 ut

245 2392 313 2460 pro
349 2392 446 2438 more
477 2371 592 2460 gentis
623 2366 731 2442 homo
765 2372 1054 2462 superbissimus,
1095 2373 1237 2443 inllatus
1281 2382 1315 2437 et
1327 2369 1439 2459 ipsius
1453 2367 1619 2437 Maiestas
1634 2369 1914 2460 magnitudinem
1932 2365 2039 2440 huius
2054 2383 2172 2440 tantae
2185 2395 2272 2440 eau-

248 2467 408 2538 Caesaris
440 2471 664 2556 auctoritate,
700 2473 829 2543 nititur
861 2475 1006 2543 turbare
1031 2475 1169 2558 omnia,
1202 2486 1237 2543 et
1279 2493 1336 2537 sae
1363 2470 1568 2558 diligentius
1594 2473 1810 2552 consideret,
1837 2483 1889 2555 et,
1912 2465 2146 2541 uthactenus
2173 2473 2272 2557 fecit,

248 2571 316 2660 ipsi
330 2569 533 2652 Praesides,
556 2574 605 2642 sic
626 2574 709 2642 satis
730 2573 834 2665 aequi
849 2575 970 2659 nobis,
995 2569 1234 2644 tamen‘hunc
1278 2594 1324 2639 ne
1348 2571 1503 2661 patiatur
1526 2595 1561 2640 se
1585 2573 1772 2641 calumniis
1796 2587 1829 2642 et
1853 2571 1986 2665 iniquis
2011 2572 2152 2642 iudiciis
2177 2599 2271 2666 quo-

247 2671 374 2742 timere
391 2687 585 2760 coguntur,
611 2687 644 2744 et
667 2675 759 2744 clare
775 2675 879 2744 nobis
898 2689 1045 2768 uterque
1061 2677 1235 2766 significa·
1276 2672 1446 2756 tundam,
1473 2697 1512 2741 re
1542 2677 1703 2743 nondum
1732 2676 1814 2744 satis
1840 2674 2033 2744 deliberata
2057 2689 2091 2744 et
2117 2675 2271 2762 cognita,

249 2773 319 2856 rit,
346 2796 382 2842 se
402 2774 516 2844 odisse
539 2770 635 2844 hunc
656 2773 873 2865 Hispanum
907 2800 973 2846 nos
996 2791 1112 2848 autem
1137 2779 1235 2846 illius
1277 2775 1445 2842 adversus
1465 2774 1631 2843 innoxios
1653 2771 1833 2858 homines,
1865 2797 1985 2844 veram
2017 2786 2052 2843 et
2082 2776 2270 2845 coelestem

248 2875 503 2944 contumaciam
538 2890 572 2947 et
598 2877 803 2968 superbiam
826 2879 1085 2947 contemdimus
1114 2891 1148 2950 et
1169 2878 1237 2944 ali·
1279 2874 1477 2943 doctrinam
1498 2897 1517 2942 a
1540 2875 1613 2943 filio
1635 2874 1701 2944 Dei
1724 2901 1786 2965 per
1804 2869 2000 2966 Prophetas
2024 2889 2058 2944 et
2074 2873 2269 2966 Apostolos

249 2975 387 3068 quoties
411 2977 538 3046 stultos
564 2991 711 3046 conatus
734 2977 912 3063 fregimus.
973 2967 1157 3044 Coihlaeo
1179 2978 1238 3044 iu·
1278 2973 1442 3040 traditam
1458 2966 1719 3072 [profitentes],
1745 2977 1897 3048 incendi.
1954 2975 2049 3045 llaec
2073 2977 2270 3068 enimpro-

247 3064 404 3146 cdirdum
427 3089 497 3162 est,
522 3071 666 3146 haerere
691 3077 730 3142 in
756 3088 932 3165 postrema
962 3089 1059 3166 parte
1082 3077 1238 3146 collocu—
1280 3072 1356 3162 pria
1381 3087 1415 3142 et
1435 3097 1570 3144 summa
1591 3076 1666 3146 laus
1683 3101 1890 3166 magnorum
1906 3071 2052 3146 heroum
2069 3078 2173 3146 estin
2189 3093 2270 3147 tan-

246 3193 375 3249 torum.
1191 3263 1197 3274 .
1279 3173 1326 3258 tis
1347 3174 1471 3256 rebus,
1493 3177 1624 3244 divinis
1647 3205 1789 3270 nempe,
1816 3192 1849 3247 et
1871 3177 2019 3262 salutem
2039 3191 2091 3246 tot
2108 3181 2268 3266 gentium

348 3275 449 3360 Quae
464 3275 632 3366 colloquii
651 3275 724 3344 siat
745 3275 846 3344 initia
861 3286 895 3344 et
911 3297 1001 3370 quae
1016 3297 1096 3342 cum
1114 3275 1239 3342 adver·
1281 3285 1315 3342 et
1348 3275 1562 3363 populorum
1595 3281 1853 3366 spectantibus,
1885 3301 1986 3370 posse
2023 3281 2268 3350 moderatione

249 3375 351 3444 sariis
365 3377 537 3464 speranda
555 3376 600 3446 sit
615 3375 816 3444 conciliatio
829 3375 912 3444 satis
929 3387 1041 3442 vestra
1057 3386 1240 3463 praestan·
1280 3373 1351 3456 uti,
1382 3397 1454 3442 non
1488 3380 1717 3468 praecipitare
1744 3379 1909 3464 consilia,
1942 3403 2017 3447 non
2051 3379 2270 3452 inflammari

248 3476 299 3544 tia
322 3474 497 3564 intelliget
520 3486 555 3543 et
576 3488 760 3562 cognoscet
782 3499 822 3542 ex
850 3473 963 3541 literis
985 3476 1030 3541 ad
1060 3471 1240 3544 illustriss.
1282 3473 1422 3543 iniustis
1448 3476 1598 3546 aliorum
1631 3475 1817 3550 bominum
1847 3479 1957 3564 odiis,
1988 3481 2049 3549 sed
2084 3483 2211 3552 audire
2236 3501 2270 3554 et

247 3573 452 3664 Principem
477 3574 628 3664 plenius.
687 3572 809 3666 ltaque
838 3573 1107 3644 deliberandum
1137 3574 1239 3643 vobis
1281 3595 1416 3644 summa
1432 3576 1613 3665 diligentia
1630 3605 1838 3669 cognoscere
1854 3603 1974 3650 causas
1990 3581 2199 3666 divinas‚et
2213 3610 2270 3655 eas

250 3689 284 3746 et
306 3675 576 3764 significandum
599 3675 704 3743 nobis
720 3675 803 3754 erit,
830 3697 876 3740 an
892 3673 1004 3762 possit
1018 3697 1098 3741 cum
1113 3677 1240 3743 adver·
1282 3697 1355 3742 non
1378 3698 1418 3743 ex
1438 3677 1544 3744 unius
1565 3673 1719 3750 hominis
1735 3682 1882 3751 arbitrio
1898 3693 1931 3749 ct
1947 3683 2113 3762 consilio,
2141 3688 2201 3753 sed
2228 3712 2269 3755 ex

249 3778 351 3846 sariis
376 3777 414 3844 iu
435 3776 581 3868 reliquis
597 3775 756 3844 articulis
770 3773 1000 3842 confessionis
1016 3775 1174 3859 nost'rae,
1200 3789 1239 3845 ut
1281 3775 1357 3842 solo
1382 3778 1488 3843 verbo
1509 3775 1592 3861 Dei,
1615 3785 1708 3850 unde
1728 3783 1843 3852 omnis
1856 3782 1994 3871 pietatis
2009 3784 2107 3866 sons,
2133 3785 2270 3856 iustitia

249 3880 294 3948 ab
311 3879 523 3969 imperatore
548 3874 752 3968 praescripti
770 3885 872 3954 sunt,
898 3874 1063 3961 progredi
1084 3900 1163 3944 cum
1186 3890 1239 3945 ta-
1282 3888 1316 3943 et
1339 3875 1412 3942 vita
1432 3891 1570 3946 aeterna
1596 3885 1723 3969 pendet
1743 3897 1777 3952 ct
1791 3897 1995 3974 promanat,
2021 3885 2219 3955 diiudicare
2237 3903 2271 3958 et

249 4001 331 4048 men
354 4003 428 4047 non
447 3977 608 4061 videam,
633 3999 730 4066 spem
753 3973 863 4042 ullam
890 3995 983 4056 esse,
1005 3975 1097 4043 utin
1118 3975 1237 4068 aliquo
1281 3977 1487 4061 decernere,
1513 3994 1547 4046 et
1565 3982 1717 4066 agnitam
1733 3984 1839 4051 semel
1862 4007 1981 4051 veram
2004 3985 2169 4074 pietatem
2195 4003 2270 4058 toto

248 4081 443 4180 quidquam
457 4079 659 4149 concessuri
673 4077 754 4148 sint.
785 4071 862 4141 lloc
878 4086 1031 4143 vestrum
1050 4077 1237 4144 consilium
1284 4091 1420 4165 pectore
1435 4079 1598 4166 amplecti
1615 4093 1649 4149 et
1665 4084 1765 4154 tueri.
1816 4076 2049 4153 Theodosius
2066 4087 2271 4159 laudatissi-

249 4203 374 4252 0mnes
388 4199 551 4266 rogamus
566 4191 600 4246 et
615 4177 821 4266 expetimus.
873 4168 970 4239 Bene
990 4175 1102 4244 valete
1119 4189 1237 4263 patres
1283 4199 1360 4244 mus
1378 4178 1569 4266 imperator
1591 4182 1782 4250 moriturus
1803 4198 1905 4254 vocat
1920 4187 1965 4252 ad
1988 4208 2024 4254 se
2041 4187 2133 4255 lilios
2150 4186 2272 4260 Arca-

248 4295 284 4352 et
305 4290 547 4374 praeceptores
569 4274 800 4355 observandi,
826 4294 914 4362 quos
936 4267 1100 4343 Christus
1115 4271 1239 4342 Eccle-
1283 4269 1383 4343 dium
1407 4291 1442 4345 et
1456 4275 1683 4364 Hortarium,
1708 4284 1802 4352 inter
1827 4309 2018 4376 quoscum
2044 4310 2152 4376 regna
2178 4305 2271 4363 esset

250 4384 321 4454 siae
353 4403 436 4452 suae
460 4378 523 4448 diu
553 4390 748 4446 conservet.
807 4369 1024 4442 Ratisbonae
1050 4375 1107 4442 10.
1134 4371 1238 4448 Febr.
1284 4377 1430 4464 partitus
1444 4394 1618 4466 postremo
1633 4395 1821 4476 utrumque
1838 4381 2019 4466 hortatur,
2046 4401 2086 4458 ut
2101 4390 2270 4478 pietatem

254 4481 365 4558 1⁵46.
1284 4489 1313 4542 et
1334 4477 1528 4545 doctrinam
1545 4480 1701 4550 divinam
1724 4485 1816 4554 tueri
1836 4495 1867 4556 et
1882 4510 2075 4578 propagare
2088 4493 2270 4568 studeant.

279 4581 281 4594 '
692 4567 796 4642 V.E
1283 4571 1358 4644 llac
1381 4577 1530 4646 enimet
1554 4603 1634 4668 pax,
1666 4583 1802 4674 inquit,
1835 4600 2078 4672 conservatur,
2113 4605 2148 4662 et
2171 4595 2271 4666 bella

811 4668 852 4742 F.
869 4667 1044 4758 Georgius
1058 4669 1187 4746 Maior.
1283 4674 1516 4744 conficiuntur
1531 4691 1564 4746 et
1581 4675 1697 4752 hostes
1714 4699 1900 4756 vertuntur
1920 4687 1958 4756 in
1974 4689 2112 4778 fugam,
2138 4707 2174 4764 et
2193 4709 2271 4766 tro.

934 4825 944 4838 ,
1284 4767 1393 4860 plraea
1411 4785 1611 4847 statuuntur
1628 4795 1662 4851 et
1677 4798 1820 4871 paratur
1835 4787 1994 4862 victoria.

522 4872 746 4950 Protestatio
771 4878 899 4940 nostra
917 4862 971 4959 ⁴⁵).
1381 4869 1470 4940 Cum
1485 4876 1592 4960 igitur
1610 4881 1655 4948 ab
1670 4885 1801 4972 optimo
1818 4883 1980 4979 Principe
1997 4901 2030 4958 et
2049 4887 2270 4982 Imperatore

350 5017 399 5092 Ut
423 5018 517 5089 inter
537 5013 710 5106 plurimas
735 5007 822 5078 alias
851 4993 1059 5070 excellentes
1083 4999 1239 5081 virtutes,
1286 4983 1404 5040 ¹¹⁰⁵l¹⁰
1428 4970 1550 5046 lnvict.
1565 4974 1692 5048 carolo
1708 4981 1751 5056 V.
1768 4979 1824 5053 hic
1839 5004 1983 5078 quartus
2003 5011 2201 5094 eorrrentps
2224 5002 2269 5066 ad

249 5121 380 5218 quibus
406 5117 582 5191 Davidem
615 5118 741 5203 regem·
762 5102 904 5177 ornavit
928 5095 1026 5168 Deus
1050 5098 1146 5164 nulla
1173 5101 1237 5170 luit

248 5289 481 5306 ψ

338 5387 369 5442 ι,
392 5382 502 5440 a...
528 5373 668 5448 0.l....÷
692 5371 832 5425 ιιιιιι
857 5381 871 5416 ι
895 5356 1017 5440 ιιιιιι
1044 5351 1145 5436 ιιιιι
1169 5353 1239 5406 ιιι
1352 5289 1725 5438 ἰ-ῑιῖιῖῑιιέΨῗίἒὲἴὲὲιπ
1740 5299 1846 5424 aaa
1862 5313 2269 5454 canalaus

317 5454 374 5539 alia·
394 5451 551 5536 protestptio
575 5456 628 5504 est.
654 5443 681 5496 d·
700 5443 742 5492 2⁰·
763 5433 856 5490 Mulli
875 5427 988 5488 indm.
1013 5441 1095 5544 quam
1110 5433 1240 5544 spasticis
1351 5423 1520 5544 tseebqrgepspp
1539 5445 1567 5508 ua
1580 5430 1680 5507 scfipto
1705 5431 1733 5485 d.
1751 5435 1778 5486 d.
1801 5436 1839 5488 12.
1860 5391 1938 5495 less.
1956 5463 2069 5520 eamque
2090 5452 2164 5507 dedit
2184 5457 2267 5510 etiam

317 5525 433 5580 hlasorn
453 5529 556 5592 serapte
573 5514 708 5570 dederunt
728 5503 875 5560 llortleder
892 5501 915 5552 l.
932 5511 960 5566 p·
980 5493 1015 5550 38
1046 5508 1102 5560 ⁸¹1·
1170 5507 1184 5540 ²
1387 5507 1402 5544 c
1435 5509 1453 5544 n
1473 5509 1490 5544 ο
1519 5511 1573 5546 ,ιη
1592 5495 1651 5550 hut.
1671 5497 1748 5554 turs.
1767 5502 1813 5554 lll.
1833 5508 1931 5576 peso,
