4754 6260
77 375 144 450 scs
207 335 210 348 '
648 361 1087 480 uetsuouauuu
1148 345 1253 444 aaa.
1281 369 1327 446 x.
1381 371 1512 452 asts.
2024 361 2129 446 aso·

80 547 118 615 ad
140 543 360 620 Danubium.
417 543 486 617 Sed
515 545 689 636 singulari
712 558 787 615 arte
812 544 917 616 civile
939 543 1063 614 ineen-
1113 542 1143 612 si
1157 567 1261 637 quam
1276 535 1416 612 scholae
1432 542 1596 612 umbram
1610 536 1742 615 habere
1767 557 1935 637 poterunt
1952 537 2008 640 ³),
2032 539 2098 612 hac

82 647 172 715 dium
189 648 235 718 ad
249 643 373 718 Albim
394 647 581 719 unacum
604 661 674 729 est,
701 649 796 740 quod
813 645 910 718 Deus
933 645 1062 715 restin-
1112 639 1237 737 hyeme
1262 665 1386 734 operas
1408 638 1650 729 scholasticas,
1675 642 1753 716 Deo
1778 647 1942 729 iuvante,
1969 643 2099 714 facturi

81 759 167 842 guat.
218 745 316 819 Haec
341 771 421 818 cum
452 749 662 834 scriberem,
694 743 846 842 Cygnea
875 744 1061 818 obsidione
1110 759 1204 839 sunt.
1262 739 1463 840 Oremus⁴)
1485 759 1602 816 autem
1621 741 1738 818 Deum
1765 747 1971 820 ardentibus
1994 744 2098 827 votis,

80 851 186 920 cincta
202 863 289 922 erat.
339 845 424 918 ldeo
440 845 685 935 scholasticos,
710 851 774 942 qui
786 849 917 944 reliqui
939 847 1060 918 adsue-
1110 859 1152 916 ut
1169 847 1266 938 piam
1285 859 1319 916 et
1341 847 1530 916 salutarem
1554 869 1673 939 pacem
1696 850 1868 926 restituat.
1926 843 2037 918 Datae
2062 845 2098 915 6.

80 961 176 1035 runt,
202 949 427 1020 dimittimus.
476 948 843 1022 Proficisciturautem
864 952 909 1020 ad
924 971 986 1018 vos
1003 942 1061 1017 hic
1110 945 1284 1019 Novemb.
1304 944 1412 1020 Anno
1433 945 1544 1022 1546.

81 1049 246 1142 Magister
259 1042 405 1120 Paulus
419 1042 578 1122 Cretaeus
595 1050 782 1146 illyricus,
812 1053 869 1120 vir
892 1046 1060 1121 honestus

81 1167 112 1223 ct
126 1152 309 1237 eruditus,
333 1143 373 1222 ac
393 1155 438 1222 ad
454 1155 654 1224 docendum
669 1153 831 1226 idoneus.
880 1151 1007 1243 Sperat
1022 1151 1060 1218 in
1174 1168 1177 1178 ’

81 1253 287 1326 Academiae
302 1267 437 1325 vestrae
453 1253 650 1348 frequentia
673 1255 905 1326 inventurum
918 1277 965 1323 use
988 1273 1062 1322 esse

81 1357 234 1450 aliquos,
264 1379 419 1450 quorum
440 1357 569 1427 formet
588 1356 741 1445 ingenia.
797 1352 850 1425 Ea
880 1353 919 1423 in
953 1377 991 1422 rc
1021 1366 1062 1423 ut
1112 1355 1181 1430 No.
1205 1357 1320 1450 3600.
1973 1358 2100 1428 8.an

81 1458 190 1548 ipsum
207 1457 370 1541 adiuves,
395 1470 430 1528 te
446 1457 551 1526 ctiam
566 1457 790 1550 atqueetiam
806 1480 882 1530 oro.
931 1453 1062 1524 Lenia·
1116 1452 1329 1492 Μ
1971 1451 2101 1480 ’Μ’

82 1583 153 1628 mtts
178 1571 302 1629 nostro
325 1559 439 1648 gregi,
472 1557 566 1627 inter
585 1573 702 1629 tantos
727 1557 901 1629 tumultus
922 1555 1061 1626 Priuei-
1319 1559 1563 1645 May-gellug
1594 1555 1656 1644 ad
1691 1557 1911 1671 Magum,
1939 1585 1948 1596 ·

81 1685 180 1752 pann,
216 1682 402 1729 aerumnas
424 1671 459 1730 et
481 1659 639 1746 dolores,
672 1672 843 1752 quantum
865 1679 1062 1749 possumus,
1375 1732 1382 1748 ⁸

82 1763 169 1856 quod
200 1761 356 1830 officium
386 1773 421 1832 et
444 1759 520 1832 Deo
549 1773 686 1850 gratum
716 1774 785 1846 cst,
826 1773 862 1831 et
883 1757 1061 1830 Ecclesiae
1177 1731 1403 1807 iss¹⁸l⁰³¹'·¹¹¹
1417 1732 1697 1827 ⁰⁰¹¹·G⁰¹¹”⁵⁹⁹·.l'·
1714 1732 1797 1789 ιω·

82 1863 173 1934 utile.
240 1859 318 1932 Etsi
342 1861 438 1932 enim
461 1884 557 1931 nunc
581 1861 708 1931 exarsit
730 1861 886 1946 bellum,
917 1873 958 1930 ut
979 1871 1062 1930 sunt
1110 1882 1322 1958 logum·
1344 1884 1535 1985 Longo,
1571 1886 1711 1962 domn·
1734 1885 1884 1976 Theop„
1917 1898 1950 1958 Δ
1967 1887 2101 1983 guber„

83 1965 198 2036 f³¹³l⁶³
229 1985 381 2055 ΡΟεηῖκέἶ
419 1977 538 2034 lamen
568 1958 806 2082 chlffllafflm
837 1961 1062 2032 ⁰⁰¹¹⁰⁰¹di³¹¹¹
1113 1989 1241 2078 optari
1258 1989 1490 2062 ecclesiarum
1505 1984 1653 2064 Christi
1675 1991 1714 2062 in
1737 1986 2101 2090 inclyta'Erfordio‚

85 2075 219 2134 manere
236 2065 396 2156 prodest,
422 2058 556 2134 ethaeo
577 2065 761 2156 aliquanto
787 2075 866 2155 post
887 2065 1064 2133 conducet
1361 2089 1529 2165 Domino
1545 2118 1612 2164 wo
1625 2089 1871 2180 observando,

85 2167 121 2236 ad
144 2167 399 2240 restituendam
426 2188 557 2256 pacem.
615 2162 712 2254 Bene
737 2167 832 2251 vale,
858 2160 1063 2254 charissime

84 2261 343 2360 christophore.
391 2263 459 2337 Die
473 2265 509 2339 6.
525 2264 749 2336 Novembris.

573 2357 763 2475 Philippus
786 2377 1013 2453 Melanthon.

1113 2197 1155 2290 S·
1175 2219 1222 2297 D.
1272 2221 1413 2295 Eximio
1431 2223 1476 2300 D.
1491 2224 1644 2312 Ductor,
1668 2221 1737 2296 hoc
1750 2241 1909 2318 tempore
1930 2236 2008 2294 tum
2033 2223 2103 2292 mi-

1113 2325 1255 2394 serabili
1272 2327 1359 2418 quid
1376 2327 1475 2398 alictd
1489 2329 1597 2398 amici
1610 2328 1704 2398 inter
1718 2351 1755 2397 se
1768 2327 1922 2396 scribere
1945 2338 2104 2416 possunt,

1113 2427 1182 2494 nisi
1202 2427 1386 2518 querelas?
1429 2426 1501 2499 Ubi
1517 2429 1597 2522 quis
1610 2430 1727 2514 dolet,
1752 2427 1873 2508 aiunt,
1896 2425 1949 2497 ibi
1966 2448 2102 2495 manus.

1112 2525 1187 2596 Nos
1205 2521 1353 2597 hicnon
1375 2529 1457 2598 satis
1478 2529 1603 2599 mirari
1627 2552 1813 2622 possumus
1834 2551 1967 2596 novum
1991 2540 2025 2598 et
2045 2528 2104 2595 in-

1114 2617 1275 2698 auditum
1303 2651 1413 2718 genus
1442 2629 1627 2719 perfidiae,
1665 2631 1761 2724 quod
1782 2627 1865 2698 Dux
1886 2621 2103 2697 Mauritius

93 2709 296 2784 N⁰·3599·l
496 2727 500 2738 '
581 2797 584 2804 ,
841 2777 850 2790 .
900 2713 1062 2838 Q
1114 2729 1297 2820 coniungit
1317 2751 1352 2798 se
1368 2753 1448 2799 cum
1464 2731 1655 2801 deterrimo
1676 2727 2018 2808 monstro.omnium
2033 2727 2104 2798 Pa-

90 2813 292 2852 Μ
579 2897 586 2918 ,
644 2901 652 2917 ,
1114 2829 1306 2922 pistarum,
1346 2854 1427 2921 rege
1451 2825 1632 2900 'videlicet
1669 2823 1935 2922 Fordinaudo‚
1978 2843 2102 2900 eontra

452 2893 690 2982 stasim&
843 3019 874 3034 Γ
958 2940 961 2944 ’
1114 2953 1216 3003 suum
1240 2945 1449 3022 cognatum,
1480 2933 1640 3002 vicinum
1671 2945 1708 3002 ct
1736 2931 1968 3015 nutritorem,
1999 2953 2103 3022 prae-

145 3037 286 3156 Etliturnp
306 3074 440 3156 §auberto
457 3077 486 3130 in
500 3076 658 3148 Appendices
679 3075 726 3136 tib.
740 3073 788 3131 lV.
807 3033 914 3148 eptitot.
932 3093 959 3150 p.
973 3073 1017 3133 28.
1037 3086 1065 3134 et
1114 3033 1206 3102 dm
1230 3033 1273 3103 de
1295 3033 1372 3153 ipso
1393 3046 1428 3102 et
1451 3045 1551 3124 pam
1575 3030 1761 3151 merium&
1787 3030 1992 3150 fll'qUidem
2016 3027 2102 3100 haee

175 3155 203 3194 m
216 3139 330 3216 Scupos
342 3143 443 3215 puttne
457 3142 584 3200 Wioeb.
604 3143 636 3198 Τ.
649 3145 670 3200 1.
687 3164 715 3218 ρ.
732 3145 788 3200 tus.
1112 3133 1242 3207 scelera
1258 3134 1347 3204 lucas
1362 3156 1524 3205 excusare
1542 3132 1691 3218 volunt,
1715 3133 1830 3202 s1dns
1848 3132 1979 3224 placet,
2004 3133 2102 3224 quol

640 3231 645 3240 '
1113 3231 1277 3328 nonlhoc
1304 3235 1439 3306 bellum
1468 3234 1645 3327 pertineat
1669 3233 1714 3303 ad
1746 3255 1886 3304 causam
1903 3228 2102 3321 Evangelii,

1113 3336 1212 3407 cuius
1228 3360 1307 3408 cum
1324 3357 1360 3406 se
1375 3351 1566 3407 amatorem
1585 3329 1881 3428 perbiberirelit,
1907 3348 2038 3418 tamen,
2061 3347 2103 3404 ut

1112 3438 1319 3529 accipimus,
1352 3459 1426 3507 non
1447 3439 1567 3508 minus
1589 3437 1781 3508 crudeliter
1802 3435 1914 3508 saevit
1926 3437 1966 3506 in
1978 3431 2101 3506 Evan-

92 3517 268 3630 Cygueam
282 3535 407 3606 urbem
422 3529 628 3621 honestam,
654 3551 689 3609 et
704 3541 884 3612 custodem
905 3537 1063 3631 discipli·
1112 3539 1241 3628 geticos
1269 3541 1486 3624 sacerdotes,
1524 3563 1630 3634 quam
1664 3539 1732 3610 ulli
1762 3534 1925 3630 Papistae
1956 3537 2101 3609 faciunt.

89 3663 144 3707 nae
156 3661 328 3721 severam,
354 3649 388 3708 et
404 3638 508 3708 nobis
522 3637 691 3723 amicam,
709 3641 896 3712 obsidione
912 3642 1067 3711 cinctam
1113 3635 1367 3710 Zwiclcooiam
1406 3641 1517 3711 cinxit
1554 3639 1761 3726 obsidione,
1801 3651 1837 3708 et
1871 3639 1988 3709 vicina
2023 3639 2100 3706 loca

90 3761 168 3824 esse,
192 3751 328 3810 certum
343 3750 530 3833 est;,quae
545 3741 574 3809 si
595 3740 710 3810 fuerit
731 3741 851 3812 dedita
873 3756 936 3813 aut
957 3765 1063 3813 occu·
1113 3741 1233 3811 omnia
1253 3740 1456 3834 occupavit,
1487 3741 1585 3812 unde
1609 3741 1638 3810 si
1669 3763 1707 3811 se
1741 3739 1974 3831 expediverit,
2012 3739 2100 3832 quid

90 3855 172 3930 pata,
198 3839 370 3911 exercitus
393 3835 532 3909 hostilis
553 3833 624 3910 huc
646 3842 852 3912 adducetur.
900 3839 978 3912 Etsi
998 3867 1064 3912 au·
1111 3835 1171 3911 hic
1193 3841 1290 3912 aliud
1314 3840 1419 3911 nobis
1441 3843 1694 3934 expectandum
1718 3854 1788 3921 est,
1827 3839 1898 3908 nisi
1928 3851 1968 3910 ut
1994 3837 2099 3908 nobis

93 3955 150 4010 tem
166 3961 364 4034 speramus,
389 3934 506 4010 Deum
519 3940 764 4030 mitigaturum
787 3965 861 4012 esse
885 3936 949 4014 has
970 3945 1064 4013 cala-
1112 3942 1247 4014 bellum
1268 3943 1414 4027 inserat,
1440 3957 1474 4012 et
1491 3937 1582 4014 hanc
1595 3939 1812 4012 academiam
1823 3952 1977 4024 evertat,
2000 3939 2097 4032 quod

90 4043 229 4129 mitates‚
264 4053 401 4126 minen,
433 4065 513 4112 cum
546 4038 605 4113 hic
630 4055 746 4112 metus
776 4043 823 4114 sit
854 4043 1063 4125 obsidionis,
1112 4038 1283 4114 hactenus
1298 4043 1434 4113 nullius
1450 4040 1612 4134 Papistae
1627 4041 1770 4112 saevitia
1786 4039 1953 4132 perlicere
1971 4040 2099 4132 potuit.

89 4143 198 4214 utilius
229 4155 283 4213 est
312 4155 452 4213 tenerae
480 4143 607 4228 aetati,
647 4138 734 4213 binc
767 4144 887 4215 abesse
918 4157 1064 4238 propter
1111 4141 1203 4216 Nam
1217 4167 1283 4214 nos
1295 4144 1333 4213 in
1347 4139 1405 4213 bis
1419 4143 1585 4236 periculis
1599 4141 1767 4213 iussimus
1779 4141 2000 4220 iuventutem
2022 4141 2097 4210 dis·

90 4245 186 4316 multa
199 4243 374 4338 pericula,
399 4255 434 4314 et
448 4245 565 4314 varios
580 4243 808 4315 obsidionum
824 4260 980 4319 eventus.
1014 4243 1064 4316 Et
1112 4245 1247 4319 cedere.
1325 4242 1498 4317 Fortassis
1536 4243 1650 4338 aliqui
1679 4245 1826 4316 lectores
1857 4241 2029 4337 recipient
2059 4265 2098 4312 se

91 4341 319 4416 lllustrissimo
340 4343 501 4435 Principi
524 4341 681 4415 Electori
708 4345 758 4416 sic
784 4346 901 4416 visum
925 4360 977 4416 est
1006 4347 1063 4416 di·
1111 4345 1409 4436 Magdeburgam,
1434 4345 1593 4416 simodo
1615 4345 1793 4416 ibinobis
1817 4343 1916 4416 locus
1939 4339 2096 4432 dabitur,

89 4447 286 4517 mittendum
302 4459 439 4516 coetum
457 4442 716 4520 scholasticum.
766 4445 979 4538 Quanquam
995 4446 1063 4536 igi·
1110 4449 1205 4542 quod
1229 4447 1335 4518 audio
1359 4469 1418 4516 cos
1442 4447 1613 4537 gravatim
1639 4448 1803 4520 tacturos.
1866 4443 1918 4516 lta
1937 4439 2096 4514 Ecclesia

90 4559 138 4616 tur
156 4549 349 4618 dolendum
372 4560 440 4632 est,
473 4547 634 4640 dissipari
658 4542 750 4618 hanc
770 4545 947 4634 scholam,
971 4571 1061 4642 quae
1110 4562 1143 4619 ct
1159 4548 1209 4638 pii
1225 4543 1425 4619 scholastici
1442 4573 1487 4618 ne
1511 4550 1656 4642 quidem
1681 4549 1775 4642 apud
1797 4569 1880 4618 suos
1902 4542 2004 4614 facile
2027 4540 2095 4612 ho-

88 4637 201 4718 barum
222 4649 407 4740 rcgionum
429 4643 653 4736 Ecclesias¹)
678 4649 736 4742 pie
756 4649 906 4742 erudiit,
940 4663 1060 4722 tamen
1109 4650 1254 4742 spitium
1269 4649 1470 4724 inveniunt.
1520 4644 1732 4731 OChriste,
1756 4647 1889 4738 respice
1903 4668 1970 4715 nos
1988 4643 2094 4714 mise-

87 4751 268 4824 uecessitati
286 4773 482 4841 pareamus.
533 4745 586 4821 Ac
601 4749 754 4820 liberum
770 4751 816 4821 sit
832 4751 961 4837 cuivis,
987 4775 1059 4846 quo
1108 4773 1187 4836 ros,
1212 4763 1359 4822 etserva
1376 4747 1571 4822 Ecclesiam
1585 4763 1702 4834 trram,
1727 4761 1761 4820 et
1775 4745 1902 4839 punias
1922 4769 1997 4816 non
2020 4760 2093 4818 tam

88 4851 186 4936 solet,
210 4853 371 4942 migrare.
422 4849 493 4922 Sed
515 4845 582 4923 hoc
606 4851 761 4922 officium
785 4853 915 4923 iustum
939 4868 974 4926 et
995 4877 1060 4924 ne-
1107 4852 1281 4944 papistas,
1306 4877 1411 4946 quam
1427 4851 1697 4946 illosquinunc
1716 4850 1914 4940 gloriantur
1935 4869 2009 4918 sese
2032 4870 2094 4916 ev-

88 4954 257 5022 ccssarium
276 4965 345 5035 est,
369 4964 410 5023 at
425 4951 556 5042 singuli
577 4953 812 5024 creditoribus
834 4953 1059 5042 satisfaciant,
1108 4953 1303 5044 angelicos,
1336 4953 1401 5024 etsi
1424 4953 1619 5046 plurimum
1640 4947 1725 5020 huic
1746 4948 1927 5020 doctrinae
1952 4964 2092 5022 nocent.

87 5055 277 5147 priusquam
301 5053 484 5123 discedent
500 5049 548 5144 ²).
597 5048 723 5148 Aliqui
742 5078 784 5124 ex
807 5055 996 5126 lectoribus
1018 5055 1057 5126 in
1107 5053 1147 5126 Si
1161 5054 1292 5146 poterit
1305 5055 1431 5124 umbra
1450 5053 1622 5148 quaedam
1638 5047 1779 5122 scholae
1793 5049 1931 5122 restitui
1943 5046 2092 5140 Magde-

86 5153 225 5226 vicinam
248 5155 373 5226 urbem
386 5148 689 5249 Magdeburgoin
707 5178 744 5228 sc
759 5157 955 5244 conferent,
980 5157 1058 5246 ubi,
1105 5155 1257 5245 burgae,
1299 5146 1499 5251 Philippus
1528 5177 1570 5222 eo
1601 5176 1639 5223 se
1659 5152 1834 5237 conferet,
1864 5173 1969 5244 quem
1992 5150 2092 5244 sequi

1105 5257 1255 5332 decrevi.
1306 5254 1404 5328 Deus
1417 5255 1578 5327 restituat
1593 5253 1698 5325 nobis
1709 5254 1900 5325 salutarem
1913 5273 2048 5344 pacem.

117 3291 245 3370 Rector
265 3293 487 3372 Academiae
510 3289 752 3396 Cosporus
775 3289 1022 3399 Crucigcr,

365 3417 370 3424 ·
412 3397 453 3475 S.
467 3393 599 3475 Theoi.
614 3399 726 3481 Doct.

84 5329 274 5353 ..Ι-ι--ι-ι-

110 5433 134 5502 l)
152 5435 230 5498 Sattb.
248 5441 414 5503 Ecclesiam.
1138 5444 1167 5516 8)
1184 5442 1269 5501 Saub.
1280 5455 1412 5515 munt.

109 5523 331 5598 amamus.
347 5526 555 5583 desidet-sturio
568 5525 667 5600 script.
1138 5531 1167 5602 t)
1184 5529 1409 5588 Sanbommas.
1438 5523 1446 5532 ”
