4754 6260
251 335 327 410 223

257 504 454 642 BQ.

1071 606 1244 639 Μ

553 701 707 822 Georg.
735 707 952 794 Fabricio.

360 861 446 938 Epist.
461 849 512 919 lib.
528 861 563 921 V.
584 883 612 938 p.
623 863 676 920 390
687 884 728 938 sq.

518 1031 723 1132 Georgia
756 1031 997 1112 Fabricio.

835 331 1269 412 EPISTOLARUM
1326 333 1432 422 LJB.
1467 336 1512 414 X.
1568 336 1735 434 toto..

1072 523 1131 586 26.
1148 512 1231 598 Aug.
1307 503 1505 583 Nooott.

2230 344 2302 418 224

1584 675 1734 760 looob.
1767 673 2029 762 Gomoario.

1377 832 1462 906 Epist.
1472 833 1663 892 adcantus.
1674 835 1814 908 pretuq.
1830 836 1884 903 (ed.
1894 836 2043 898 Louddv.
2053 835 2135 906 lob).
2154 861 2191 880 ·-
2208 833 2307 893 Nescio

1411 922 1444 956 sn
1461 903 1574 960 sciurus
1593 902 1772 978 (Eichhorn),
1800 905 1834 960 de
1856 923 1911 987 quo
1933 905 1979 961 bie
1993 905 2155 962 Melentbon
2175 905 2309 990 loquitur,

1410 971 1619 1097 ihdeqnhqlt'qscui
1634 973 1713 1030 dedit
1726 973 1933 1044 testimonum,
1957 975 2030 1048 quod
2046 991 2128 1046 supra
2145 975 2171 1034 d.
2182 975 2229 1032 25.
2240 973 2309 1030 Meu

1316 602 1487 634 Μ

264 1169 382 1282 Saepe
400 1190 490 1273 iam,
515 1189 822 1279 praeterfluentem
839 1187 962 1258 Albim
978 1187 1173 1279 aspidem,
1198 1184 1256 1254 in·
1309 1186 1535 1270 Clarissimo
1565 1201 1642 1270 viro
1671 1197 1800 1271 virtute
1821 1207 1852 1270 et
1875 1195 2078 1271 eruditione
2096 1201 2310 1298 praestanti

263 1293 414 1386 gemisco
431 1289 628 1382 cogitoque,
654 1313 739 1375 non,
764 1290 795 1360 si
811 1303 949 1363 tantum
963 1291 1099 1360 flumen
1117 1283 1258 1381 lachry-

264 1418 405 1466 marum
438 1393 588 1462 lundere
621 1415 777 1483 possem,
799 1405 990 1484 ,quantum
1015 1390 1130 1461 voluit
1152 1386 1257 1460 Albis

264 1497 460 1577 undarum,
486 1487 670 1563 exhaurire
692 1516 814 1564 meum
830 1493 990 1564 dolorem
1007 1515 1126 1584 posse,
1152 1513 1257 1584 quem

265 1599 385 1670 animo
400 1594 606 1666 circumfero
622 1608 767 1686 propter
784 1594 887 1664 civile
899 1594 1046 1679 bellum,
1072 1595 1169 1688 quod
1185 1591 1258 1664 uti-

266 1724 348 1770 nam
369 1721 442 1768 nou
466 1697 633 1767 movisset
655 1689 830 1768 Carolus.
888 1694 960 1767 Sed
983 1697 1064 1768 latis
1087 1708 1259 1785 urgentur

265 1825 321 1872 res
335 1794 523 1872 humanae.
568 1794 692 1892 Neque
707 1821 769 1888 ego
783 1821 880 1869 nunc
894 1799 1049 1890 primum
1067 1798 1187 1872 dolere
1201 1795 1260 1864 in-

265 1902 379 1994 cipio,
405 1903 467 1972 sed
489 1899 618 1969 omissa
636 1895 700 1970 hac
718 1899 1052 1970 commemoratione
1068 1897 1260 1970 Deumae-

266 2019 428 2088 ternum,
455 2001 595 2072 Patrem
613 1999 761 2070 Domini
780 2002 893 2072 nostri
912 1999 990 2070 lesu
1007 1996 1154 2084 Christi,
1181 2021 1260 2068 ore-

266 2127 365 2189 mus,
396 2117 437 2174 ut
459 2103 532 2194 ipse
557 2097 623 2170 hos
649 2117 763 2174 tantos
785 2100 1016 2193 Reipublicae
1037 2116 1173 2186 motus,
1197 2100 1259 2194 qui

266 2202 435 2276 humanis
466 2203 623 2274 consiliis
653 2205 723 2274 iam
754 2205 870 2274 sedari
900 2228 976 2274 uon
998 2216 1166 2293 possunt,
1198 2225 1261 2276 sua

268 2306 440 2400 sapientia
465 2318 500 2374 et
522 2304 680 2376 bonitate
706 2307 823 2390 sedet,
855 2330 895 2376 ac
924 2306 1104 2376 moderate
1129 2306 1262 2380 interea

268 2435 333 2482 suo
356 2409 504 2502 quisque
528 2408 606 2477 loco
628 2420 722 2478 recta
746 2410 949 2492 doceamus,
975 2410 1070 2504 quod
1092 2407 1262 2482 lacerate

268 2535 342 2581 non
359 2511 497 2582 dubito.
545 2508 692 2600 Semper
705 2509 820 2580 amavi
835 2509 1154 2600 ingenium'tuum,
1178 2507 1262 2579 tibi-

270 2638 339 2708 que
352 2612 499 2704 gratiam
514 2605 647 2696 habeo,
673 2613 769 2703 quod
785 2624 854 2682 tam
870 2602 1030 2683 amanter
1043 2612 1088 2680 acl
1104 2634 1161 2680 me
1175 2609 1263 2680 scri-

269 2715 383 2810 psisti.
440 2711 510 2782 Pro
534 2710 719 2782 Pontificio
742 2711 888 2804 epistola
910 2713 1012 2784 mitto
1036 2713 1101 2787 tihi
1128 2726 1164 2782 et
1184 2713 1262 2780 aliis

269 2817 442 2910 pagellas,
467 2813 507 2882 in
525 2814 653 2906 quibus
670 2828 721 2884 est
735 2809 888 2907 Stigelii
903 2803 1065 2897 carmen,
1092 2815 1192 2884 cuius
1210 2814 1263 2884 le·

270 2920 442 3002 ctionem,
465 2915 556 3001 scio,
580 2916 649 2986 tihi
667 2939 742 2986 non
757 2917 938 2988 insuavem
957 2918 1033 2987 fore
1049 2907 1099 3010 *).
1135 2911 1168 2985 A
1184 2910 1263 2985 Sti-

267 3016 367 3114 gelio
390 3033 424 3090 te
446 3040 527 3112 vere
547 3016 649 3107 diligi
669 3031 702 3087 et
722 3017 870 3108 plurimi
889 3017 964 3088 heri
982 3017 1066 3088 scio.
1117 3015 1215 3088 Bene
1229 3029 1264 3088 et

269 3121 419 3192 feliciter
436 3117 524 3192 vale.
574 3115 644 3190 Die
658 3117 720 3192 26.
736 3115 884 3208 August.

1107 3554 1165 3616 28.
1181 3545 1263 3630 sug.

1074 3636 1258 3685 ‚m

608 3735 665 3828 B.
697 3721 931 3825 Sobollero.
991 3681 996 3686 Ι

342 3901 428 3977 Epist.
445 3901 490 3960 lib.
503 3901 539 3958 ll.
557 3919 584 3976 p.
597 3902 649 3957 478
665 3922 706 3975 sq.
725 3903 780 3974 (ed.
793 3903 881 3961 Lond.
895 3903 942 3960 lib.
956 3903 991 3961 ll.
1007 3924 1050 3979 ep.
1066 3905 1148 3976 boh).

417 4074 475 4149 D.
499 4065 837 4150 Bortolomoeo
863 4069 1123 4156 Schultess.

274 4208 318 4300 S.
345 4226 391 4301 D.
441 4227 535 4300 Filio
552 4225 668 4304 Isooo
688 4233 769 4303 misi
786 4234 981 4305 orationem
997 4229 1152 4305 habitam
1169 4237 1266 4306 ineo

274 4353 459 4418 consessu,
493 4332 624 4426 inquo
649 4335 869 4406 renunciatio
892 4338 980 4406 facta
1004 4349 1056 4406 est
1074 4337 1266 4408 testimonii

275 4436 319 4504 de
334 4433 446 4526 ipsius
461 4435 661 4504 eruditione
678 4449 712 4505 et
725 4437 869 4508 virtute.
906 4437 1006 4514 Deus
1024 4437 1138 4529 ipsum
1156 4452 1190 4508 et
1203 4464 1265 4510 vos

276 4550 405 4620 servet,
436 4547 470 4604 et
489 4537 637 4626 posteris
654 4533 846 4607 Ecclesiam
866 4553 900 4610 et
916 4536 1185 4632 Rempublicam
1203 4565 1267 4632 pa·

275 4653 386 4710 catam
409 4637 535 4708 tradat.
585 4638 643 4709 De
665 4637 760 4708 bello
781 4640 818 4708 in
833 4635 1009 4710 Bovario
1024 4655 1162 4712 tantum
1180 4638 1266 4713 haec

276 4739 423 4823 scimus,
463 4739 651 4810 exercitum
678 4739 791 4811 Ducis
818 4736 1004 4811 Saxonici
1027 4741 1201 4814 Electoris
1231 4758 1267 4814 et

274 4833 519 4932 Landgrooii
537 4839 718 4911 accessisse
734 4844 778 4912 ad
792 4837 1086 4938 Iogolstodium,
1104 4861 1138 4916 et
1154 4835 1267 4918 aCo-

277 4937 352 5010 roli
367 4938 592 5032 Imperatoris
612 4944 733 5014 castris
748 4958 886 5016 tantum
901 4948 1019 5018 abesse
1036 4960 1168 5040 septem
1181 4947 1264 5018 mil-

272 3536 471 3667 Q.

1333 1297 1362 1370 I
1366 1325 1418 1372 oo
1430 1296 1505 1371 sbi
1510 1325 1578 1372 mo
1599 1294 1718 1374 Com.
1738 1295 1832 1378 Pae.
1850 1301 1971 1373 amico
1986 1327 2054 1374 suo
2069 1301 2285 1388 carissimo,

1310 1429 1353 1520 S.
1379 1446 1424 1518 D.
1475 1445 1621 1520 Litteris
1642 1449 1686 1517 de
1701 1443 1851 1534 Sciuro,
1875 1473 1962 1544 quas
1986 1449 2021 1519 ei
2040 1448 2169 1522 dedisti
2190 1453 2238 1522 ad
2253 1475 2308 1522 me

1310 1550 1468 1641 scriptas,
1495 1551 1638 1641 quando
1653 1550 1808 1640 primum
1823 1545 1893 1621 hnc
1908 1551 1968 1618 ille
1987 1551 2096 1636 venit,
2123 1565 2158 1622 et
2172 1553 2308 1623 iudicio

1310 1666 1373 1723 tuo
1406 1664 1592 1721 contentus
1622 1651 1730 1721 dilexi
1760 1652 1899 1743 ipsum,
1935 1653 2164 1748 praestitique
2193 1655 2308 1726 officia

1314 1778 1404 1850 quae
1428 1752 1538 1844 potui.
1590 1747 1729 1823 Omnes
1743 1752 1839 1822 enim
1859 1757 2123 1824 commendatos
2139 1753 2230 1825 mihi
2248 1758 2309 1826 abs

1312 1870 1346 1926 te
1374 1853 1560 1944 complecti
1580 1877 1636 1922 me
1657 1855 1903 1924 benevolentia
1927 1879 2001 1924 non
2027 1871 2078 1927 est
2097 1859 2307 1927 obscurum:

1314 1972 1431 2050 postea
1453 1955 1598 2046 perfecit
1610 1951 1764 2026 Sciurus
1783 1957 1901 2026 studio
1920 1971 1953 2026 et
1972 1957 2145 2027 industria
2161 1982 2246 2044 sua,
2272 1975 2310 2031 ut

1313 2055 1402 2128 mihi
1436 2057 1600 2149 inprimis
1626 2081 1728 2129 carus
1755 2069 1852 2131 esset.
1910 2054 2240 2130 Deliberationibus
2268 2065 2310 2130 de

1314 2163 1390 2253 ipso
1406 2158 1584 2230 nostriset
1599 2173 1659 2230 tua
1674 2160 1847 2231 sententia
1864 2182 1946 2229 eum
1961 2161 2128 2231 delectari
2143 2163 2215 2232 iam
2233 2187 2310 2233 non

1314 2263 1458 2346 dubito,
1483 2275 1670 2354 postquam
1684 2285 1724 2332 ea
1739 2262 1943 2332 acciderunt
1958 2261 1997 2329 in
2014 2257 2070 2330 his
2087 2263 2310 2353 regionibus,

1314 2387 1404 2459 quae
1424 2363 1584 2432 omnium
1597 2363 1671 2432 fere
1685 2363 1891 2455 opinionem
1908 2363 2120 2436 fefellerunt.
2171 2363 2309 2436 Futura

1315 2482 1433 2539 autem
1451 2467 1740 2534 commendemus
1754 2466 1850 2549 Deo,
1876 2463 2061 2554 periculis,
2086 2465 2115 2534 si
2132 2491 2201 2559 qua
2218 2463 2311 2537 mihi

1315 2593 1397 2660 prae
1413 2565 1537 2637 ceteris
1553 2567 1768 2660 impendent,
1794 2589 1868 2635 non
1883 2566 1985 2634 valde
2001 2579 2145 2641 terreor.
2178 2567 2310 2639 Accer-

1314 2672 1422 2740 senda
1446 2667 1590 2760 quidem
1613 2669 1694 2754 illa,
1721 2669 1810 2739 sicut
1830 2665 1975 2752 scribis,
2002 2692 2076 2737 non
2093 2683 2191 2739 sunt:
2225 2695 2310 2740 narn

1315 2784 1420 2863 auget
1453 2769 1614 2840 miserias
1647 2769 1810 2860 cogitatio
1838 2763 2032 2863 ἐπικτήτου
2057 2775 2176 2843 κακοῦ
2184 2799 2192 2840 :
2238 2772 2309 2843 Sed

1315 2875 1411 2967 quod
1434 2872 1540 2943 vitari
1557 2893 1630 2940 non
1645 2886 1777 2964 potest,
1802 2873 1958 2952 fortiter,
1983 2872 2040 2941 vel
2056 2895 2169 2966 aequo
2184 2875 2310 2943 saltem

1316 2975 1436 3054 auimo
1459 2974 1645 3043 ferendum
1670 2987 1731 3044 est.
1783 2973 1938 3062 Quando
1958 2987 2076 3043 autem
2097 3000 2172 3044 non
2194 2977 2248 3045 fui
2274 2977 2310 3044 iu

1317 3076 1437 3170 aliquo
1460 3075 1618 3167 periculo
1643 3074 1713 3145 iam
1735 3076 1838 3144 annis
1863 3075 2049 3166 plurimis?
2099 3075 2222 3162 Folia,
2256 3079 2313 3146 in-

1318 3179 1415 3272 quis,
1440 3201 1479 3248 ea
1500 3177 1723 3264 ceciderunt,
1748 3201 1843 3247 nunc
1866 3178 2009 3248 arbores
2024 3179 2162 3250 cadent.
2214 3177 2313 3250 Cali-

1318 3305 1392 3350 cem
1414 3279 1523 3368 igitur
1546 3279 1709 3350 salutaris
1730 3279 1920 3370 accipiam,
1954 3291 1988 3348 et
2008 3281 2140 3349 nomen
2160 3276 2313 3350 Domini

1302 3383 1502 3458 invocabo.
1542 3376 1624 3477 napi
1653 3374 1695 3452 δὲ
1721 3385 1799 3452 τῶν
1823 3373 2039 3476 φαινόντων
2059 3378 2123 3453 καὶ
2144 3377 2313 3456 συκίνων

1318 3477 1488 3579 ἀνδρῶν,
1513 3505 1603 3576 quos
1622 3505 1663 3552 ex
1679 3477 1918 3574 Aristophane
1935 3483 2099 3566 adducis,
2124 3483 2161 3554 id
2179 3485 2314 3564 scilicet

1317 3583 1553 3678 relinquitur,
1579 3598 1619 3654 ut
1640 3586 1741 3676 culpa
1757 3609 1777 3654 a
1793 3585 1897 3654 nobis
1912 3585 2012 3658 absit.
2064 3582 2112 3655 Et
2127 3580 2214 3678 δίκη
2230 3599 2313 3658 tan-

1319 3687 1398 3756 dem
1420 3687 1586 3779 corripiet
1608 3689 1687 3758 νῶν
1708 3690 1837 3758 κακῶν
1856 3681 2041 3766 τέκτονας.
2092 3685 2163 3759 Sed
2185 3689 2232 3758 de
2256 3685 2313 3760 his
2375 3729 2376 3790 q

1319 3788 1484 3859 omnibus
1505 3811 1622 3858 coram
1639 3787 1759 3879 plura,
1785 3811 1901 3880 neque
1918 3788 2038 3858 omnia
2055 3802 2138 3860 sunt
2152 3790 2314 3860 scribon·
2375 3807 2376 3850 t

1319 3891 1383 3969 da,
1411 3903 1444 3960 te
1461 3914 1601 3984 quoque
1614 3903 1737 3960 autore
1752 3903 1787 3959 et
1801 3890 1989 3964 monitore.
2031 3887 2230 3962 Dominum
2246 3917 2313 3962 no·
2375 3869 2376 3926 l

1319 4006 1430 4062 strum
1448 3989 1563 4062 lesum
1579 3985 1762 4062 Christum
1783 3991 2007 4062 liberatorem
2026 3991 2166 4082 generis
2183 3987 2314 4062 huma-

1319 4094 1359 4163 ni
1382 4117 1463 4178 oro,
1488 4107 1529 4164 ut
1547 4093 1754 4164 misereatur
1775 4093 1915 4185 parvuli
1938 4095 2050 4183 gregis
2066 4094 2138 4178 sui,
2165 4107 2199 4163 et
2216 4095 2314 4165 miti·

1319 4208 1374 4285 get
1405 4195 1637 4292 calamitates,
1671 4208 1707 4268 et
1734 4209 1769 4266 te
1799 4207 1950 4290 tuosque
1973 4217 2094 4264 omnes
2116 4212 2313 4270 conservet.
2375 4251 2376 4294 ,

1320 4295 1418 4366 Vale.
2375 4311 2376 4322 ³

1318 4627 1386 4700 No.
1404 4625 1516 4703 tots.

1318 4725 1517 4756 Μ
1617 4811 1678 4896 Μ.
1709 4809 2014 4924 Meienburgio.

1403 4971 1490 5045 Epist.
1507 4973 1556 5032 lib.
1570 4973 1605 5028 V.
1624 4993 1650 5046 p.
1665 4973 1727 5030 578.

275 5043 434 5116 liaribus.
467 5042 567 5114 Deus
583 5044 674 5115 adsit
689 5046 794 5118 nobis
812 5061 845 5118 et
860 5071 922 5117 sna
938 5049 1110 5118 immensa
1125 5049 1264 5141 sapien-
1348 5121 1350 5128 Α
1931 5125 1933 5132 ,

273 5145 322 5215 tia
339 5157 373 5214 et
390 5144 549 5214 bonitate
563 5169 684 5237 pacem
697 5149 868 5222 restituat.
909 5147 1007 5258 Bene
1024 5149 1146 5221 valete.
1192 5150 1263 5220 Die
1367 5125 1607 5201 Micha‘ll'
1629 5123 1970 5231 Μθῖθηῦυΐὸἶθ
1999 5123 2261 5226 (Νθῗῑῆωαῶ)
2375 5159 2376 5228 ;

274 5241 489 5338 Augustum.
1316 5261 1361 5354 S.
1386 5277 1431 5355 D.
1483 5277 1746 5352 Humanissime
1779 5253 1851 5366 vir,
1885 5297 1920 5352 et
1954 5281 2065 5350 amice
2095 5275 2314 5366 charissime,

1317 5383 1443 5462 Scitis,
1470 5407 1592 5453 vorem
1609 5381 1695 5452 Filii
1712 5381 1781 5453 Dei
1803 5406 1891 5452 esse:
1925 5376 2065 5452 Omnes
2080 5380 2199 5472 capilli
2216 5385 2315 5474 capi·
2375 5385 2376 5430 l

1319 5487 1362 5556 tis
1384 5485 1493 5556 vestri
1515 5485 1692 5554 numerati
1712 5497 1804 5555 sunt.
1862 5479 1927 5555 Et:
1961 5482 2072 5554 Nemo
2096 5496 2211 5576 potest
2230 5508 2316 5556 oves
2375 5497 2376 5550 l

275 5421 476 5436 ff

304 5504 333 5576 ¹⁸¹)
357 5503 445 5560 Habes
455 5505 522 5562 illud
534 5504 563 5560 iu
575 5502 691 5576 Scriptis
705 5502 821 5578 publicis
839 5503 873 5560 T.
889 5503 911 5559 l.
931 5521 959 5576 p.
978 5507 1036 5564 ut.
