4778 6258
116 351 189 432 133

109 525 177 602 No.
197 527 311 604 3462·

111 626 324 662 Μ

382 739 533 824 loacb.
567 737 829 827 Camerario.

158 917 248 993 Epist.
266 918 300 976 ad
319 917 458 978 Gamcrsr.
476 938 503 996 p.
517 920 569 976 5⁵2
582 941 625 994 sq.
644 922 701 993 ted.
719 921 807 980 Laud.
825 922 875 980 lib·
895 925 945 982 Ν.
965 944 1011 1001 ep.
1023 927 1108 1000 701.).

711 361 1155 448 EPISTOLARUM
1205 373 1312 452 LlB.
1339 375 1385 456 X.
1439 380 1571 462 1646.

2083 402 2156 478 164

947 555 1002 618 11.
1020 545 1108 612 Maii.
1163 569 1316 636 pugnes,
1340 564 1374 622 et
1397 554 1657 625 consolationes
1673 581 1731 630 eas
1745 562 1907 656 colligas,
1934 593 2021 664 quas
2039 568 2153 646 Filius

945 640 1107 666 *m

1161 645 1229 717 Dei
1244 652 1350 724 nobis
1366 676 1385 722 e
1399 653 1481 724 sinu
1494 659 1626 726 aeterni
1644 658 1759 731 Patris
1775 669 1935 755 protulit.
1974 669 2055 742 Non
2072 698 2151 746 sum

1160 751 1260 820 rudis
1284 755 1527 826 communium
1553 781 1827 850 aerumnarum3
1861 769 1941 842 ideo
1964 796 2065 866 saepe
2091 801 2153 868 ge-

1159 874 1243 921 nera
1259 855 1501 928 doctrinarum
1516 861 1719 948 conferens,
1733 889 1864 958 quaero
1881 875 2055 962 praesidia
2070 879 2151 947 ani-

1158 953 1209 1021 mi
1232 953 1353 1040 firma,
1378 981 1419 1028 ac
1441 981 1480 1029 re
1501 963 1664 1053 experior
1684 964 1745 1036 illa
1758 966 2093 1070 &stuppamque
2109 981 2149 1052 in

108 1069 340 1149 Clarissimo
362 1077 439 1148 vira
468 1073 672 1152 eruditione
695 1089 728 1150 et
747 1079 878 1153 uirtute
897 1089 1112 1182 praestanti
1157 1049 1388 1149 Phi¹⁰⁸⁰Phi³
1420 1062 1629 1148 “mumma
1662 1065 1886 1158 languldlfflfl
1917 1099 2008 1158 ⁰⁵³&
2040 1104 2148 1172 quam

176 1176 202 1249 1
211 1174 340 1254 oncis.
366 1171 487 1256 Cam.
512 1175 651 1254 Bamb.
676 1181 795 1254 amica
820 1209 889 1256 suo
915 1187 1044 1263 cariss.

105 1291 153 1382 S.
179 1313 227 1391 D.
282 1313 461 1386 Mediocri
483 1317 601 1388 studio
627 1317 825 1390 vicinarum
849 1323 1010 1412 gentium
1038 1319 1106 1396 ho-

107 1418 225 1488 mines
255 1417 458 1509 complexus
483 1441 579 1504 sum,
609 1418 825 1492 Sarmaticae
855 1435 890 1492 et
918 1422 1105 1513 Paeoniae,

105 1531 182 1588 tum
201 1520 287 1612 quia
303 1519 393 1590 bene
409 1519 552 1590 meritos
570 1521 613 1589 de
626 1517 769 1614 Europa
786 1546 860 1592 esse
874 1523 1006 1612 iudico,
1022 1553 1103 1598 cum

104 1621 246 1714 aliquot
265 1620 392 1690 seculis
413 1621 644 1712 represserint
666 1623 940 1697 immanissimos
955 1624 1104 1723 Scythas

106 1737 140 1793 et
155 1721 316 1806 Turcos,
341 1735 415 1792 tum
423 1722 515 1815 ,quia
533 1717 690 1794 hominis
705 1739 757 1797 est
772 1727 816 1796 de
832 1731 1014 1799 communi
1027 1732 1103 1801 loc-

105 1825 190 1894 dere
205 1819 357 1894 humani
378 1823 516 1914 generis
533 1825 727 1918 aliquando
743 1828 950 1918 cogitantis,
978 1855 1102 1902 aman-

104 1940 158 1996 ter
175 1925 336 2016 excipere
353 1919 525 2016 hospites:
551 1923 636 1996 Tibi
650 1952 733 1999 vero
750 1943 784 2000 ct
798 1931 1015 2004 intellectum
1034 1930 1101 2004 bo-

105 2051 187 2096 rum
211 2027 410 2096 officiorum
427 2028 597 2098 maiorem
622 2054 728 2122 quam
743 2025 832 2100 mihi
847 2035 986 2120 tribuo,
1011 2048 1046 2106 et
1067 2049 1100 2106 te

105 2145 233 2198 natura
250 2130 295 2198 ad
311 2128 481 2198 iustitiam
498 2142 533 2199 et
545 2131 741 2202 bonitatem
755 2134 865 2224 magis
881 2136 1011 2206 iactum
1026 2161 1100 2207 esse

108 2233 192 2300 scio.
244 2227 329 2299 ldco
347 2253 421 2298 non
440 2231 566 2301 dubito
592 2245 625 2300 te
641 2257 781 2326 quoque
798 2229 992 2331 φιλόξενον
1014 2263 1098 2313 esse.

9 2383 11 2392 ,
106 2329 197 2403 Corn
223 2329 332 2420 igitur
352 2326 392 2399 bi
414 2332 486 2402 duo
508 2333 635 2403 fratres
660 2336 734 2406 nati
755 2337 795 2404 in
816 2337 951 2409 familia
968 2339 1099 2412 illustri

106 2433 221 2524 gentis
234 2429 425 2502 Polonicae
445 2432 535 2504 istuc
559 2458 595 2503 se
610 2437 811 2520 conferant,
837 2455 877 2511 ut
894 2453 927 2510 te
942 2443 1099 2528 audiant,

106 2559 321 2626 magnopere
336 2547 368 2604 te
385 2559 467 2619 oro,
493 2549 535 2606 nt
555 2558 614 2605 eos
628 2552 787 2610 amanter
806 2551 841 2610 et
856 2543 1099 2632 complectaris

107 2651 139 2706 et
154 2650 289 2710 tueare.
339 2633 446 2726 Apud
462 2660 527 2706 nos
547 2660 671 2726 magna
691 2663 771 2708 cerm
785 2640 890 2712 laude
906 2629 1097 2716 modestiae

106 2739 292 2816 riserunt,
319 2739 410 2807 etin
431 2739 559 2809 studiis
585 2741 767 2809 literarum
791 2741 840 2811 ita
860 2745 988 2814 versati
1003 2760 1097 2830 sunt,

107 2854 144 2910 ut
169 2865 247 2908 uon
271 2839 387 2908 solum
409 2840 567 2928 linguam
599 2840 746 2910 latinam
768 2845 1006 2931 exercuerint,
1035 2850 1096 2918 sed

107 2943 214 3011 etiam
240 2941 422 3030 attigerint
441 2940 544 3012 initia
568 2936 833 3034 philosophiae,
848 2957 882 3015 et
899 2948 1095 3018 doctrinam

105 3039 285 3112 Ecclesiae
313 3043 539 3114 mediocriter
564 3043 774 3133 intelligam.
830 3044 936 3116 Nunc
959 3052 1004 3118 ad
1033 3075 1096 3121 vos

104 3145 392 3235 proficiscuntur,
408 3158 492 3215 utet
505 3159 564 3215 tua
578 3146 739 3215 doctrina
756 3148 973 3230 excolantur,
993 3166 1097 3222 etve-

106 3261 198 3316 strae
214 3246 316 3316 nrbis
326 3245 536 3335 elegantiam
555 3247 750 3335 degustent.
784 3245 883 3319 Bene
899 3264 933 3322 et
946 3252 1097 3324 feliciter

105 3349 194 3421 vale.
219 3345 262 3414 V.
273 3343 357 3416 ldus
366 3345 467 3419 Maii.
501 3345 578 3438 Ego
596 3349 701 3420 ctiam
716 3350 910 3422 studiosius
925 3376 983 3422 eos
999 3379 1097 3428 com-

103 3449 276 3540 plectere,
298 3449 381 3540 quia
394 3461 543 3518 matrem
558 3443 692 3520 habent
706 3451 851 3521 viduam
869 3455 1095 3526 excellentem

105 3575 185 3618 cum
210 3550 290 3618 aliis
306 3550 516 3629 virtutibus,
543 3564 618 3620 tum
640 3553 791 3622 maxime
813 3555 944 3647 pietate
966 3581 1008 3627 ac
1022 3573 1097 3629 stu-

106 3653 165 3722 dio
182 3675 286 3722 verae
300 3651 537 3722 invocationis
551 3651 628 3722 Dei.

666 3782 855 3880 Philippus
870 3787 1047 3868 Melanth.

105 4163 171 4236 No.
189 4162 307 4240 etos.

111 4259 286 4288 ...,..
923 4169 1098 4292 eu

447 4361 501 4451 V.
532 4363 767 4450 Theodoro.

175 4529 256 4584 Edita
273 4531 296 4582 's
314 4527 449 4584 Saobecto
472 4528 501 4582 in
525 4527 676 4602 appendice
698 4527 747 4586 lib.
765 4529 813 4582 vt.
831 4545 859 4594 p.
879 4528 897 4584 9
914 4547 956 4602 sq.
973 4561 1008 4575 -
1048 4531 1102 4588 ilie

208 4619 240 4653 ex
260 4597 430 4668 autographo
453 4597 482 4652 in
505 4601 567 4654 cod.
585 4597 698 4652 Monac.
713 4603 737 4653 l.
756 4615 784 4671 p.
799 4597 860 4653 ⁵28.

9 4809 10 4822 .
108 4747 161 4831 D.
193 4748 585 4840 VtroTtseodoro,
614 4749 867 4848 Evangelium
880 4754 940 4851 pie
955 4764 988 4826 et
1000 4749 1101 4846 fide-

297 4853 383 4928 liter
398 4852 541 4926 docenti
554 4853 593 4925 in
611 4854 697 4926 urbe
709 4853 908 4951 Noriberg.

9 5001 11 5062 l
106 4973 150 5066 S.
179 4993 225 5068 D.
283 4993 368 5066 Non
388 4993 524 5066 mortui
545 4993 745 5066 laudabunt
771 5007 806 5066 te
826 4992 1000 5078 Domine,
1040 4993 1099 5062 in-

106 5101 187 5196 quit
207 5091 386 5190 Propheta
408 5095 447 5166 in
468 5093 622 5166 Psalmo·
678 5095 790 5189 Spero
819 5097 949 5186 igitur,
981 5091 1097 5166 Deum

105 5213 328 5272 servaturum
351 5221 425 5268 esse
442 5199 581 5292 aliquos
596 5199 775 5269 doctrinae
796 5199 955 5269 coelestis
979 5209 1098 5268 custo-

106 5305 171 5372 des
192 5314 227 5372 et
247 5313 508 5394 propagatores.
557 5295 607 5370 Et
625 5313 668 5392 ut
688 5313 723 5370 tc
746 5313 860 5371 servet
880 5298 1094 5369 incolumem

105 5401 285 5474 Ecclesiae
309 5417 389 5472 tuac
403 5402 567 5493 publicae
583 5413 617 5471 et
631 5402 862 5483 domesticae,
888 5401 1004 5492 ipsum
1019 5423 1094 5474 oro.

107 5503 164 5576 Te
178 5529 320 5600 qnoque
335 5527 546 5598 magnopere
560 5497 751 5590 adhortor,
776 5517 817 5576 ut
832 5502 1026 5573 moestitiae
1038 5526 1095 5572 re-

1156 1168 1197 1226 ut
1211 1181 1293 1227 vere
1309 1159 1442 1251 erigere
1461 1178 1597 1234 mentes
1613 1166 1736 1238 dolore
1752 1194 1936 1264 oppressas
1950 1179 2097 1270 possint.

1257 1257 1476 1332 Circumfero
1503 1267 1663 1338 assiduos
1691 1271 1865 1344 cruciatus
1892 1277 1962 1348 iam
1994 1299 2147 1374 quatuor

1156 1361 1338 1432 mensibus
1351 1387 1393 1432 ex
1407 1365 1541 1436 calculo
1556 1383 1671 1462 ortos,
1696 1388 1731 1445 et
1747 1376 1921 1450 venientis
1937 1385 2022 1450 anni
2035 1385 2146 1474 signi-

1154 1459 1333 1532 ficationes
1356 1460 1447 1533 mibi
1470 1471 1635 1541 atrociter
1656 1473 1879 1549 minitantur.
1937 1481 2008 1554 Sed
2029 1483 2146 1558 Deum

1154 1575 1355 1650 aeternum,
1380 1565 1520 1638 Patrem
1536 1568 1682 1642 Domini
1698 1579 1811 1649 nostri
1826 1577 1906 1649 lesu
1917 1579 2049 1656 Christi
2069 1612 2146 1673 oro,

1153 1678 1192 1734 ut
1218 1679 1362 1756 propter
1380 1665 1513 1740 Filium
1538 1687 1652 1744 servet
1672 1672 1884 1766 Ecclesiam,
1919 1699 1953 1757 ct
1975 1690 2090 1759 studia
2107 1685 2145 1783 *)

1154 1766 1337 1836 doctrinae
1366 1771 1558 1858 gubernet,
1597 1785 1633 1845 ct
1663 1774 1752 1847 mibi
1782 1783 1873 1852 adsit
1899 1798 1973 1856 tum
1998 1791 2145 1879 viventi,

1152 1877 1226 1936 tum
1245 1871 1428 1940 morienti:
1455 1870 1504 1943 Et
1519 1870 1610 1945 banc
1622 1879 1900 1954 consolationem
1919 1891 2057 1960 assidue
2073 1894 2143 1963 mi-

1151 1963 1190 2036 bi
1207 1994 1385 2060 propono:
1408 1995 1488 2042 aues
1501 2000 1600 2045 meae
1615 2001 1728 2048 uocem
1744 2007 1861 2056 meam
1877 1984 2053 2079 audiunt;
2082 2019 2144 2064 ae-

1150 2094 1210 2138 mo
1227 2079 1344 2166 potest
1363 2098 1425 2145 eas
1442 2099 1568 2174 rapere
1587 2073 1630 2146 de
1648 2105 1764 2152 manu
1780 2108 1873 2160 mea.
1930 2088 2028 2162 Bene
2054 2099 2142 2172 vales

1150 2171 1208 2242 die
1230 2169 1287 2246 14.
1306 2173 1407 2244 Maii.
1657 2178 1848 2278 Philippus
1866 2187 2091 2270 Melantlton.

1364 2407 1369 2420 .
1409 2411 2142 2450 ...Ἣ

1147 2542 1214 2616 Νο.
1233 2541 1347 2616 8464.

1154 2641 1327 2670 Μ

1988 2573 2042 2640 14.
2057 2565 2142 2638 Mitt.

2000 2663 2130 2692 Μ

1411 2745 1468 2829 Η.
1492 2744 1857 2862 Boumgortnero.

1215 2893 1299 2966 Epist.
1314 2895 1362 2956 lib.
1376 2897 1423 2954 Vl.
1435 2919 1463 2970 p.
1479 2903 1529 2954 119
1540 2921 1582 2974 sq.
1595 2931 1628 2946 -
1648 2903 1699 2960 llic
1717 2925 1748 2958 es
1760 2912 1929 2984 autographo
1948 2915 1976 2970 in
1989 2919 2052 2973 cod.
2071 2923 2138 2977 Mo·

1245 2982 1308 3020 nse.
1318 2969 1338 3018 l.
1347 2985 1373 3038 p.
1388 2967 1442 3038 et,
1451 2971 1494 3023 cui
1504 2971 1734 3043 Bsumgertnerus
1747 2977 1890 3052 adscripsit
1901 2982 1982 3042 baec:
1999 2989 2061 3056 „15.
2070 2991 2138 3046 Masi

1246 3033 1324 3089 1646.
1334 3053 1387 3105 per
1398 3041 1554 3096 Andream·
1561 3045 1580 3077 ”

1146 3180 1373 3265 Clarissimo
1389 3193 1484 3282 uiro,
1509 3194 1713 3272 eruditione
1732 3213 1765 3274 et
1779 3205 1909 3278 virtute
1928 3219 2140 3308 praestanti

1145 3291 1200 3368 D.
1236 3293 1530 3392 Hieronymo
1557 3296 1923 3400 Bomgartnero,
1963 3314 2138 3396 Senatari

1186 3394 1289 3468 urbis
1319 3391 1569 3496 Noribergae,
1602 3406 1722 3477 amico
1754 3432 1823 3480 sua
1855 3411 1919 3486 aet
1944 3415 2097 3518 ἀδελφώ

1565 3503 1722 3606 γνησίῳ.
2073 3494 2083 3518 ⁴

1147 3609 1191 3698 S.
1217 3630 1263 3706 D.
1320 3629 1398 3704 Etsi
1422 3634 1585 3705 desidero
1617 3644 1790 3732 quaedam
1817 3648 1855 3716 in
1881 3653 2137 3740 gubernatione

1148 3735 1347 3805 studiorum
1369 3749 1403 3806 et
1424 3736 1651 3828 disciplinae,
1671 3768 1761 3837 qnae
1781 3750 1885 3820 facile
1909 3755 2034 3826 melius
2051 3784 2137 3831 cou-

1148 3835 1250 3906 stitui
1265 3850 1424 3929 possent,
1449 3839 1480 3906 si
1494 3835 1678 3934 Principes
1693 3865 1853 3922 amarent
1868 3847 2137 3950 Philosophiam

1150 3949 1185 4006 et
1199 3938 1365 4009 virtutem
1379 3964 1388 4024 ;
1416 3951 1531 4009 tamen
1545 3938 1621 4012 Deo
1637 3946 1766 4034 gratias
1780 3975 1863 4042 ago,
1888 3960 1984 4047 quod
2001 3965 2138 4036 medio-

1150 4039 1224 4108 cria
1247 4061 1344 4108 nunc
1365 4037 1553 4136 quidem¹)
1576 4061 1660 4116 sunt
1681 4043 1807 4120 barum
1823 4051 2034 4131 Scholarum
2050 4068 2139 4136 vici-

1152 4163 1279 4210 narum
1295 4144 1431 4224 studia,
1458 4153 1492 4210 et
1506 4157 1546 4213 ut
1562 4167 1602 4212 ca
1616 4149 1787 4234 gubernet
1798 4178 1874 4242 oro,
1900 4173 1934 4232 et
1948 4163 2069 4246 faciat,
2095 4185 2136 4238 ut

1151 4243 1449 4336 quemadmodum
1466 4241 2137 4368 inAeschyliversu[Supplic.v.530.]

1151 4345 1300 4432 dicitur,
1324 4338 1444 4418 πειθώ
1458 4341 1581 4432 ἕποιτο
1594 4345 1659 4420 καὶ
1673 4346 1767 4448 τύχη
1780 4357 2013 4455 πρακτήριος.
2052 4369 2139 4440 Tibi

1151 4458 1286 4532 autem,
1319 4447 1383 4539 qui
1411 4472 1508 4518 nunc
1535 4449 1706 4524 liberatus
1734 4461 2077 4548 peregrinationibus
2103 4489 2136 4543 et

1151 4546 1244 4617 curis
1277 4547 1516 4637 legationum,
1543 4553 1643 4624 domi
1675 4579 1815 4644 manes,
1853 4568 2011 4654 gratulor
2044 4566 2136 4644 hanc

1152 4648 1464 4742 tranquillitatem,
1489 4676 1555 4722 nec
1569 4666 1686 4744 tamen
1702 4661 1847 4746 dubito,
1872 4667 1955 4736 satis
1972 4693 2135 4761 magnam

1150 4751 1373 4842 negotiorum
1400 4754 1620 4825 urbanorum
1653 4761 1781 4829 molem
1807 4775 1842 4832 te
1870 4769 2061 4860 sustinere,
2094 4777 2134 4846 in

1150 4877 1218 4946 qua
1238 4864 1274 4921 et
1288 4876 1390 4944 spero
1414 4869 1446 4924 te
1467 4855 1617 4927 feliciter
1632 4862 1844 4934 serviturum
1859 4889 1931 4936 csse
1945 4869 2135 4964 Reipubli-

1149 4949 1285 5026 cacani
1302 4949 1396 5026 eluas
1406 4976 1446 5026 aa
1463 4961 1592 5037 σκεῦος
1604 4957 1735 5044 ἐλέους,
1752 4977 1786 5032 et
1799 4980 1839 5036 ut
1853 4969 1911 5054 sis,
1925 4969 2041 5044 Deum
2058 5003 2133 5054 oro.

1251 5055 1409 5127 Genesin
1425 5055 1509 5128 Filii
1524 5059 1575 5127 tui
1590 5062 1829 5151 consideravi,
1852 5083 1886 5139 et
1901 5073 2003 5144 video
2018 5075 2133 5168 ἠθικὰ

1146 5159 1229 5230 satis
1255 5161 1348 5230 bona
1371 5179 1455 5226 esse.
1514 5157 1646 5250 Magna
1669 5179 1784 5234 autem
1811 5168 1957 5243 felicitas
1982 5193 2033 5248 est
2054 5179 2131 5276 ἤθη

1178 5442 1207 5512 *)
1227 5443 1310 5498 Saub.
1328 5464 1358 5499 es
1376 5463 1482 5502 errores
1499 5449 1636 5503 studiism.

1183 5531 1208 5594 l)
1227 5527 1328 5602 Spsnb.
1348 5531 1478 5587 mendose
1497 5535 1648 5601 quaedam.

1372 5611 1424 5688 9*
