4744 6254
56 337 138 418 sta
649 334 1088 416 EPISTOLARUM
1140 332 1252 423 LIB,
1281 335 1330 420 X.
1384 335 1517 426 1⁶47,
1977 365 1986 376 ·
2029 333 2106 408 ⁵74

58 513 313 585 contumeliam
337 513 445 597 dicta,
477 513 620 605 quando
639 507 680 606 ²¹)
703 512 979 584 condemnamus
1003 535 1063 581 eo-
1112 510 1243 584 rectius
1263 521 1332 590 est,
1357 509 1396 580 in
1411 533 1538 600 genere
1552 511 1716 604 precari,¹
1728 525 1770 590 ut
1782 507 1880 585 Deus
1894 509 1988 602 piam
2004 521 2039 580 et
2054 529 2111 578 sa-

58 639 141 685 rum
155 637 295 685 errores
311 637 375 706 per
388 615 536 685 verbum
551 613 617 684 Dei
633 627 666 684 et
681 613 901 703 evangelium
918 609 1062 685 Christi.
1112 612 1264 682 luterem
1285 636 1405 703 pacem
1422 609 1451 708 ²)
1476 615 1654 698 restituat,
1684 628 1782 705 regat
1801 625 1937 684 mentes
1953 634 2113 684 summo-

56 715 135 788 Nos
165 717 261 790 enim
290 739 364 786 non
390 739 576 806 possumus
600 739 676 785 non
702 715 802 809 loqui
828 727 863 785 et
887 715 1063 786 testificari
1113 738 1192 783 rum
1211 714 1506 804 gubernatorum,
1530 729 1569 787 ut
1583 717 1791 806 gubernatio
1806 717 1852 788 sit
1865 713 2028 786 salutaris
2041 709 2114 784 Ec-

56 841 240 913 quaeque,
266 841 354 910 quae
368 818 522 887 vidimus
537 831 571 888 et
585 817 805 902 audivimus,
827 831 919 889 certe
933 842 1008 886 raon
1025 817 1062 884 iu
1113 814 1237 884 clesiae
1252 829 1287 886 et
1302 817 1447 907 politiis,
1471 831 1586 888 servet
1598 815 1791 888 Ecclesiam
1808 831 1842 888 et
1857 816 2008 910 politias.
2060 810 2113 886 Ac

57 919 312 990 contumeliam
329 919 555 1012 cuiusquam,
581 919 643 988 sed
658 915 858 1008 ingloriam
873 920 943 990 Dei
959 933 992 988 et
1008 941 1061 988 sa·
1115 921 1371 1007 propemodum
1386 913 1471 990 hacc
1489 933 1571 990 sunt
1589 921 1626 988 in
1644 934 1764 991 nostra
1779 916 1809 1014 ³)
1833 917 2004 1002 formula,
2030 915 2114 1010 quia

55 1020 168 1093 lutem
186 1019 324 1090 mundi.
481 1103 495 1112 .
1115 1018 1276 1088 consulto
1301 1021 1483 1092 omisimus
1506 1022 1663 1092 nomina.
1713 1020 1784 1092 Sed
1805 1034 1923 1091 tamen
1943 1018 2117 1112 quaedam

161 1120 275 1192 Nemo
295 1122 394 1191 venit
416 1122 461 1190 ad
485 1119 747 1202 ordinationem
769 1133 830 1190 aut
852 1117 974 1188 venire
996 1141 1063 1209 po·
1114 1118 1311 1190 omittenda
1327 1117 1354 1214 ⁴)
1381 1136 1481 1208 sunt,
1504 1148 1569 1215 pro
1587 1147 1656 1216 qua
1678 1139 1776 1214 parte
1788 1111 1880 1192 ittdd
1894 1134 2050 1213 petatur,
2076 1134 2117 1192 ut

57 1223 147 1302 tuit,
175 1225 262 1294 dum
275 1222 419 1293 interim
435 1219 603 1292 Caesarea
623 1220 787 1292 Maiestas
803 1216 860 1290 laic
878 1221 957 1292 luit.
1008 1216 1062 1286 De
1115 1221 1214 1291 Deus
1239 1245 1361 1292 omnes
1380 1224 1764 1308 afflictosconsoletur,
1790 1236 1975 1295 etmcntes
1992 1244 2115 1291 eorum

57 1321 127 1396 hae
162 1348 202 1394 re
235 1324 403 1410 audietis,
442 1324 473 1392 si
499 1319 618 1393 schola
653 1336 715 1393 aut
744 1323 881 1414 aliquid
910 1315 1062 1404 scholae,
1114 1322 1231 1393 flectat
1249 1323 1295 1392 ad
1311 1348 1431 1394 veram
1448 1326 1710 1398 invocationem
1725 1322 1812 1410 Dei,
1841 1319 1918 1419 εἰ)
1941 1325 1985 1392 ad
2003 1324 2118 1394 bonos

57 1427 176 1521 (quod
200 1425 299 1496 Deus
321 1448 444 1496 curare
466 1421 569 1520 velit)
594 1425 698 1495 nobis
721 1423 922 1493 restitutum
944 1421 1062 1494 suerit.
1115 1424 1250 1494 fructus
1274 1427 1522 1515 poenitentiae.
1573 1427 1769 1510 Securitas,
1794 1425 2024 1508 temulentia,
2049 1447 2118 1496 πο-

56 1523 225 1598 Christus
247 1551 311 1596 vos
334 1540 370 1600 et
385 1540 537 1597 vestram
552 1525 748 1597 Ecclesiam
765 1539 879 1594 servet
894 1524 934 1592 in
951 1536 1062 1592 aeter·
1115 1521 1454 1626 ivnpuyuoosisffl)
1488 1542 1521 1599 et
1549 1543 1770 1620 contemptus
1792 1529 1987 1598 amicorum
2005 1522 2033 1621 ⁷)
2054 1549 2117 1616 pe·

55 1653 159 1702 num.
210 1623 322 1698 Orate
346 1653 411 1720 pro
435 1627 550 1697 nobis.
603 1625 676 1696 Nos
698 1650 840 1696 oramus
865 1649 928 1717 pro
952 1625 1062 1708 vobis,
1115 1642 1284 1718 pererunt
1301 1629 1405 1699 nobis
1420 1644 1454 1699 et
1469 1631 1590 1702 multis
1606 1626 1636 1727 Ι)
1652 1626 1717 1701 hac
1734 1625 1904 1703 miserias
1940 1619 2117 1716 tdeoec⁹)

55 1743 98 1800 ut
111 1727 212 1799 Deus
228 1729 379 1799 nobis-et
393 1729 472 1798 aliis
491 1727 710 1812 civitatibus,
735 1751 824 1820 quac
839 1727 908 1797 iam
926 1726 1062 1797 suntin
1115 1751 1181 1799 nos
1199 1729 1267 1820 ipsi
1283 1732 1580 1822 expergiscamus,
1605 1748 1639 1804 et
1653 1726 1692 1826 a)
1715 1733 1893 1802 frenemus
1909 1729 2119 1822 cupiditates
2213 1799 2217 1809 ,

56 1831 230 1923 periculo,
245 1854 367 1923 pacem
383 1830 483 1902 brevi
499 1831 633 1901 reddat.
656 1825 711 1898 Ex
723 1827 937 1918 Vitteberga,
954 1824 1063 1902 1547.
1115 1845 1271 1916 nostras,
1295 1846 1331 1902 et
1349 1827 1390 1922 ¹¹)
1412 1831 1529 1904 Deum
1547 1858 1709 1918 oremus,
1734 1847 1774 1905 ut
1791 1833 1897 1902 nobis
1912 1846 1946 1904 et
1964 1831 2043 1900 aliis
2058 1831 2118 1900 det

530 1927 664 2022 Caspar
676 1926 888 2019 Crucigerus
902 1943 936 2000 et
953 1930 1015 1998 alii
1116 1929 1290 2021 Spiritum
1313 1948 1491 2020 sanctum,
1515 1937 1609 2009 utin
1626 1958 1708 2006 vera
1724 1933 1947 2008 invocatione
1961 1933 2028 2024 ipsi
2044 1953 2121 2002 ser·

707 2030 845 2106 fratres.
1116 2032 1254 2104 viamus
1271 2047 1305 2104 et
1322 2036 1486 2106 salutaria
1504 2036 1685 2112 faciamus.

163 2130 332 2204 Caesarea
347 2131 514 2203 Maiestas
535 2127 594 2201 hic
617 2131 683 2201 luit
704 2131 742 2201 in
757 2157 836 2201 arce
854 2145 992 2203 tantum
1008 2129 1064 2199 ri-

56 2235 163 2308 sendi
183 2236 311 2323 gratia3
338 2259 420 2304 mox
439 2235 534 2303 enim
550 2233 690 2302 recessit
705 2233 744 2300 in
761 2247 873 2303 castra
888 2257 949 2304 sua
966 2245 1062 2302 extra

58 2339 253 2410 civitatem.
304 2333 395 2407 Cum
411 2346 527 2405 autem
543 2335 772 2404 intellexisset
788 2335 826 2402 in
842 2358 939 2414 arce,
967 2335 1062 2428 quod
1131 2387 1166 2460 N

53 2463 122 2532 per
144 2439 234 2507 duos
253 2437 347 2522 dies,
372 2450 557 2530 postquam
580 2433 710 2504 milites
725 2433 933 2506 Caesareani
949 2435 1064 2506 intro-
1121 2417 1336 2525 Q„
1975 2490 2117 2520 w„

55 2539 158 2610 missi
173 2552 258 2610 sunt
268 2535 312 2634 ²²)
326 2539 364 2608 in
383 2562 509 2621 arcem,
526 2550 691 2608 cessasset
703 2535 755 2606 ibi
768 2550 891 2607 cantus
909 2550 944 2607 ct
958 2559 1063 2633 prae·
1785 2599 1792 2616 ,

56 2641 201 2726 dicatio,
228 2641 456 2732 indignanter
466 2633 508 2732 ²¹)
522 2639 626 2709 dixit:
654 2639 733 2732 quis
746 2633 804 2707 hic
820 2633 1005 2730 prohibuit
1019 2631 1061 2732 ²⁴)
1258 2591 1439 2702 (mea
1466 2620 1640 2702 precum
1664 2591 1977 2704 publtcarum.)

55 2757 202 2815 cantum
225 2745 286 2813 alut
301 2739 623 2839 praedicationem?
672 2737 720 2810 Et
734 2739 852 2809 statim
870 2751 1064 2832 coeperunt
1182 2751 1630 2832 Molendum.P.t.p.66t·q.
1647 2785 1683 2800 -
1700 2755 2118 2828 Hsoddubtegcrmanteesort-

54 2845 110 2916 ibi
123 2865 267 2914 rursum
282 2858 434 2924 cantare,
461 2855 495 2913 et
510 2841 670 2935 quotidie
685 2841 910 2932 praedicatur
922 2856 964 2914 ut
977 2836 1063 2910 hac·
1218 2822 1405 2944 P¹⁸„fi¹,³,⁸,h²,‘,⁰
1416 2822 2119 2963 Qffsspgr‘g'gpbpf233fssfe'‘35322·M0¹s·gp¹¹⁸¹33

54 2960 163 3018 tenus
177 2937 227 3038 *).
1216 2907 1284 3013 Sion
1303 2969 1447 3031 postquam
1462 2959 1640 3033 Wittelserga
1657 2963 1790 3018 Mauritio
1804 2961 1898 3018 tradita
1912 2964 2010 3020 lucrat.
2071 2979 2117 3018 an

655 3041 713 3115 Do
739 3041 791 3116 Po
821 3042 957 3115 Pastor·
1216 3027 1311 3080 'erbas
1334 3047 1395 3099 „ac
1408 3037 1524 3082 nostros
1533 3035 1673 3097 principes
1686 3029 1824 3100 tuearis”,
1843 3031 2003 3088 Marcilium
2017 3041 2044 3086 et
2058 3030 2118 3086 citro

716 3096 725 3117 '
794 3097 804 3120 '
1214 3093 1336 3170 stateem,
1352 3099 1516 3169 Augustum,
1531 3108 1665 3169 spectant.

1112 3243 1298 3322 Formula
1330 3253 1554 3350 precationis
1584 3257 1814 3357 praescripto
1839 3251 2060 3330 Pectoribus
2088 3282 2115 3332 a
2203 3235 2206 3242 ⁴

67 3387 140 3461 No,
153 3385 269 3462 3912,
778 3389 861 3470 (pm
877 3391 957 3454 md·
971 3385 1061 3470 Iun.)
1112 3347 1240 3426 Phil.
1253 3350 1479 3434 Melanch.
1494 3368 1649 3456 tempore
1664 3357 1756 3432 belli
1764 3353 1989 3448 Germanici,
2005 3356 2117 3432 Anno

59 3483 277 3519 sm
788 3483 1057 3522 *nv—»⁴
1564 3458 1675 3533 1547.

278 3565 371 3678 (De
393 3565 594 3677 precibus
611 3561 832 3676 publicis.)
1227 3559 2005 3648 (quaesomuto‚ss1000u..ar0a.sur„0vasam.)

120 3727 235 3784 ussum
253 3731 281 3786 ts
299 3733 347 3788 tes
367 3729 545 3799 statuuntque
566 3726 745 3798 uadentes,
770 3745 836 3784 sno.
850 3729 928 3784 1747.
946 3749 974 3798 ρ.
988 3729 1059 3792 sos„
1111 3680 1379 3798 Omnipotens,
1403 3726 1544 3782 aeterne
1566 3726 1601 3782 et
1615 3695 1797 3784 verissime
1811 3711 1907 3784 Deus
1921 3725 2021 3806 pater
2039 3709 2116 3782 Do-

158 3795 1058 3948 :22¹¹‘’affl‘pfffssnatgffitxd1”ffi-ffgptpt’ifflloelt'ppiffi
1110 3805 1201 3875 mini
1217 3819 1250 3876 et
1264 3809 1448 3882 salvatoris
1463 3813 1576 3884 nostri
1587 3811 1665 3884 lesu
1674 3810 1820 3898 Christi,
1843 3815 2007 3885 conditor
2023 3815 2112 3884 coeli

178 3932 242 3990 ‚oa
260 3965 296 3977 ..
332 3933 533 3988 tumulturio
552 3933 633 3988 code.
669 3933 742 4000 „mn
756 3932 822 3986 Met.
835 3939 871 3986 a.
882 3935 1057 3998 precatione
1110 3919 1146 3977 et
1167 3919 1279 3978 terrae
1302 3933 1374 3980 una
1397 3935 1477 3982 cum
1498 3914 1572 3984 filio
1587 3927 1649 3985 tuo
1666 3913 1746 3985 lesu
1762 3911 1908 3985 Christo
1922 3929 1957 3986 et
1974 3915 2113 4006 Spiritu

156 3999 294 4128 ,ffis
317 4001 464 4126 {idm
477 4003 768 4124 W¹¹¹‘¹'‘'ss‘¹'⁸⁶ffi¹‘¹
781 4001 958 4058 M‘¹⁸'¹¹³⁰¹¹⁸
971 4023 1057 4086 quse·
1109 4022 1246 4095 sancto,
1272 4011 1408 4100 agimus
1429 4013 1495 4084 tibi
1511 4015 1639 4106 gratias
1654 4029 1730 4088 toto
1744 4029 1905 4108 pectore,
1931 4018 2027 4110 quod
2044 4016 2114 4085 im-

252 4091 324 4144 ,qur
359 4089 446 4138 nuuc,
482 4081 606 4141 ostquans
651 4090 682 4123 ur
733 4071 1057 4140 estocesptusean.

155 4139 266 4220 '‘l’‘ss'
289 4149 438 4212 “susm
476 4147 569 4208 m,
593 4137 740 4194 dicendum
758 4141 793 4193 sis
809 4139 838 4194 a,
855 4140 984 4211 mg„
1003 4161 1056 4214 1³¹¹·
1108 4131 1230 4180 mensa
1252 4113 1494 4186 misericordia
1511 4129 1545 4186 tc
1562 4117 1665 4186 nobis
1683 4118 1896 4209 patefecisti,
1916 4119 2023 4189 misso
2038 4117 2113 4189 filio

152 4207 244 4266 5¹⁸⁰·-
1110 4207 1189 4312 lesu
1207 4206 1369 4298 Christo,
1394 4230 1429 4288 et
1450 4217 1587 4308 prolato
1609 4241 1738 4288 arcano
1759 4233 1793 4290 et
1815 4221 2025 4291 admirando
2048 4221 2114 4290 de-

104 4361 190 4441 Plu.
213 4359 273 4436 M
277 4361 326 4436 ei.
352 4355 563 4438 Consilium
579 4357 622 4434 dc
634 4362 801 4461 precibus
813 4363 987 4464 publicis.
1107 4327 1202 4432 ‘feli'
1234 4315 1278 4384 de
1309 4318 1528 4438 redemtim'i
1551 4319 1689 4410 geneth
1709 4315 1882 4441 iuimii'
1918 4337 1955 4396 ‘t
1974 4321 2114 4440 ‘duffii

1107 4415 1173 4484 trbr
1188 4429 1367 4488 aeternam
1381 4415 1575 4490 Ecclesiam
1591 4445 1654 4516 per
1671 4437 1908 4494 ministerium
1922 4419 2111 4514 Evangelii

42 4514 142 4598 Non
160 4518 379 4591 abutendum
395 4528 448 4587 est
462 4515 686 4586 invocatione
701 4516 856 4587 nominis
869 4514 936 4588 Dei
945 4543 954 4604 ;
978 4532 1011 4589 et
1025 4515 1054 4615 ¹)
1121 4579 1330 4600 *—

43 4631 208 4698 riderent
223 4619 459 4711 precationem
473 4616 629 4700 inimici,
651 4617 680 4685 si
696 4631 773 4710 post
788 4618 922 4690 cladem
935 4616 1052 4691 adhuc
1137 4667 1165 4736 2)
1186 4673 1217 4724 u·
1228 4669 1268 4732 m·
1280 4667 1402 4726 addunt:
1429 4679 1459 4726 a
1471 4673 1720 4741 mmmm·

42 4743 266 4822 peteremus,
292 4721 370 4791 dari
392 4719 576 4789 victoriam
602 4719 759 4809 captivo,
785 4719 875 4791 sicut
897 4745 962 4793 nec
977 4721 1051 4794 Da·
1137 4747 1166 4818 a)
1185 4761 1300 4824 amon,
1323 4751 1342 4806 t.
1357 4771 1381 4808 e.
1395 4751 1694 4828 Witeotergeniom.
1729 4751 1793 4812 vg,
1805 4771 1887 4828 supra
1900 4753 1928 4810 p,
1941 4751 1969 4810 4,
1981 4753 2034 4808 M,

41 4833 102 4900 vid
143 4849 209 4918 pro
237 4846 348 4915 puero
372 4833 513 4891 mortuo
535 4835 718 4914 precatur,
749 4834 790 4892 ut
816 4823 924 4896 vivat.
978 4822 1049 4894 Sed
1136 4831 1167 4970 ἓ)
1187 4840 1218 4890 u.
1232 4835 1268 4892 ot
1287 4824 1456 4976 ἃηιὶῖιιψ.

71 5023 123 5084 21)
149 5015 218 5070 Cod·
229 5015 318 5086 hug·
332 5029 428 5082 quem·
1135 4919 1165 5070 fil
1183 4923 1323 5077 111111111ρᾶ
1336 4935 1433 5080 uix,
1456 5007 1517 5064 eod.
1530 5006 1617 5080 lang.
1629 5013 1657 5060 et
1670 5003 1736 5061 eod.
1748 5003 1844 5062 Melan.
1855 5024 1915 5062 non
1928 5005 2039 5063 hbent.

68 5105 119 5172 22)
140 5099 212 5156 coa.
227 5099 316 5172 Lasg.
330 5105 431 5152 usaue.
1134 5087 1166 5158 7)
1183 5091 1355 5159 emiorum]
1371 5093 1434 5148 cod.
1450 5093 1546 5148 Melia.
1562 5093 1759 5161 minaeorum,
1779 5093 1855 5168 quod
1872 5091 1986 5152 torem
2001 5093 2111 5166 pracb-

69 5187 120 5256 ὓ)
140 5182 213 5240 cod.
226 5181 308 5254 hug.
321 5182 494 5248 Magnam.
1037 5205 1043 5212 .
1170 5157 1300 5215 rendum.

67 5273 119 5342 2⁴)
137 5267 296 5334 prohibuit]
315 5265 379 5320 eod.
395 5262 482 5334 lang.
493 5263 653 5330 memma.
1134 5239 1163 5310 ⁸)
1183 5251 1210 5296 et
1222 5245 1333 5312 multis}
1350 5251 1381 5312 tt,
1397 5247 1434 5310 R,
1448 5255 1510 5306 cam
1523 5249 1640 5300 mute...

67 5357 99 5425 η
121 5349 292 5422 Postscripts
305 5349 401 5404 verbor
427 5347 571 5402 caesare·
586 5347 769 5402 umarus-
781 5349 927 5416 duetenus,
942 5345 971 5402 in
985 5347 1050 5404 cod.
1134 5329 1163 5395 9)
1182 5331 1221 5398 el]
1241 5335 1273 5388 ¹⁸·
1287 5331 1325 5388 ⁹2·
1342 5339 1415 5386 cum.

105 5423 206 5480 Mein.
221 5437 278 5474 non
292 5419 425 5491 leguntur.
1134 5415 1180 5483 10)
1197 5419 1238 5482 et]
1256 5421 1289 5470 u.
1303 5415 1339 5472 u.
1352 5423 1422 5470 tum.

67 5513 100 5580 1)
121 5511 166 5574 et]
186 5504 257 5562 est.
270 5502 360 5574 Lang.
371 5512 396 5556 et
411 5507 440 5562 ll.
454 5501 492 5562 dl·
506 5515 555 5556 ne.
1134 5501 1178 5572 11)
1195 5509 1236 5571 et]
1252 5507 1283 5560 u.
1298 5503 1335 5560 Sl.
1350 5509 1425 5560 tm

1223 2391 1335 2466 3913.
1979 2399 2063 2480 (eod.
2078 2399 2119 2482 r.)
2214 2447 2217 2456 .
