4682 6254
60 283 128 356 au
262 269 264 274 ’
636 269 1076 370 urrsrouanuu
1133 301 1243 379 nro.
1275 302 1321 380 x.
1376 303 1510 379 1647.
1765 324 1770 339 ·
2019 322 2095 396 us

63 485 142 540 tum.
193 460 342 533 Venisse
358 461 396 530 in
411 455 665 554 Bambergam
681 465 824 552 seimus,
850 467 1045 558 petiturum
1100 475 1275 564 gubernet
1295 489 1370 548 toto
1399 491 1541 570 pectore
1563 505 1638 554 oro.
1689 481 1788 558 Beue
1811 490 1899 564 vale.
1951 489 1987 568 8.
2010 491 2094 566 ldus

64 559 278 660 Coburgam.
330 557 634 634 Ferdinandieas
648 580 682 636 et
698 562 970 640 Mauritianas
987 597 1048 640 co-
1099 573 1246 670 Aprilis.

63 676 132 766 pias
151 693 225 739 non
250 667 353 736 valde
378 668 632 742 metuebamus.
685 670 756 740 Sed
774 669 905 765 Aquila
931 674 1048 744 fatalis
1605 681 1796 782 Philippus
1819 692 2043 767 Melanthos,

62 800 127 846 esse
147 769 323 842 Ecclesiae
339 771 454 854 solet,
493 781 533 840 ut
557 771 664 860 paulo
688 787 771 844 ante
794 790 917 846 natum
940 772 1049 848 Clari-

62 893 144 948 stum
169 874 420 968 lerosolymam
443 875 582 969 aquilae
611 876 769 946 invectae
799 893 892 952 sunt.
951 874 1049 948 Mihi
1112 887 1790 910 “““”“““·’·’···“““““-·--·--

61 985 98 1050 ad
115 978 275 1072 publicos
292 978 433 1046 dolores
448 978 661 1048 domesticus
677 980 794 1050 luctus
805 982 952 1055 aceedit.
985 980 1048 1051 Fi·
1099 1013 1154 1084 No
1182 1015 1282 1090 3327

61 1085 101 1151 lia
117 1079 261 1150 Hanna
277 1080 315 1148 in
330 1074 489 1148 Prassia
505 1094 646 1150 mortua
663 1095 732 1167 est,
758 1096 793 1152 et
815 1108 911 1153 nunc
934 1097 1048 1156 mater
1107 1069 1294 1140 κέν-ν’

61 1185 159 1256 tantis
181 1185 395 1256 cruciatibus
417 1184 545 1278 calculi
568 1185 808 1270 conflictatur,
845 1201 886 1256 ut
906 1188 951 1254 de
975 1185 1046 1256 vita
1402 1187 1589 1306 Georgio
1611 1194 1788 1282 Annali

60 1290 266 1360 dubitemus.
326 1283 423 1356 Deus
452 1287 563 1356 leniat
594 1300 628 1356 et
658 1289 794 1374 mitiget
826 1289 984 1380 publicas
1012 1303 1048 1359 et
1168 1347 1226 1402 Met
1249 1347 1323 1401 Em
1349 1349 1385 1403 Hb
1412 1351 1432 1404 Η
1504 1354 1555 1406 227
1615 1355 1701 1409 dm
1744 1264 1823 1410 dib
1850 1357 1872 1410 Η
1959 1359 2011 1412 w

59 1393 204 1485 privatas
220 1390 388 1461 miserias.
441 1387 538 1458 Bene
554 1389 643 1457 vale.
694 1388 779 1458 Tibi
796 1403 830 1460 et
845 1391 946 1459 tratri
963 1392 1046 1461 mit·
1201 1389 1235 1470 ιη’
1248 1367 1341 1470 suiuus
1354 1357 1745 1492 habcipllrotslnlionlenllll
1759 1375 1963 1498 {abablio
1981 1363 2096 1502 qils'qu]

61 1511 91 1564 to
107 1493 268 1586 pagellas.
320 1491 478 1563 Salutem
495 1503 578 1582 opto
597 1493 674 1560 viro
692 1493 827 1582 optimo
852 1507 911 1562 tuo
938 1493 1043 1586 patri,
1128 1556 1133 1568 ,
1200 1487 1285 1554 vider,
1306 1493 1788 1564 quanquauvertorummagnaeu
1809 1495 1960 1550 diversitas.
1998 1499 2096 1555 Nescio

61 1613 89 1668 et
102 1598 284 1667 universae
300 1593 474 1676 familiae,
502 1607 535 1662 et
550 1589 770 1662 Hermanno
792 1609 926 1668 nostro.
977 1593 1045 1684 Die
1198 1557 1782 1687 fiilis'ialissssflopussuffi‘ssnffi‘la'ffiffl¹¹³¹²
1805 1566 1887 1630 ’Μ’
1911 1567 2019 1621 ⁶⁰⁰b⁰⁵
2037 1569 2096 1640 ept-

58 1697 251 1775 ddnffi.
773 1737 783 1748 ν
1966 1731 1969 1738 «

138 1724 387 1897 pCarporum,
434 1799 496 1894 qui
529 1815 665 1892 praeest
693 1794 918 1895 Myropolio
951 1801 1044 1890 apud
1280 1765 1486 1886 990ΓᾶῘο
1510 1769 1680 1875 Psim‘l'l
1704 1777 1744 1846 'l'
1767 1771 1916 1848 Anhl'u

61 1929 137 1990 nos,
163 1905 283 1972 virum
301 1903 478 1992 integrum
503 1919 537 1974 et
560 1906 726 1989 doctum,
760 1917 795 1974 et
815 1903 952 1974 utiliter
972 1927 1046 1972 ser·
1098 1877 1139 1972 S.
1161 1901 1207 1977 D.
1260 1904 1503 1981 Illustrissime
1520 1911 1703 2005 Princeps.
1756 1912 1859 1987 Utin
1875 1913 2016 1986 Psalmo
2040 1919 2099 1987 di-

62 2013 201 2078 vientem
218 2005 466 2096 Reipublicae,
486 2006 552 2075 tibi
567 2011 787 2076 commendo.
822 2006 1047 2090 Venitistuc,
1099 2005 1208 2078 citur:
1232 2006 1402 2106 psallam
1412 2007 1717 2113 Deomeoqaam
1735 2011 1799 2085 dia
1809 2015 1936 2114 suero,
1963 2021 2012 2089 ita
2031 2044 2096 2090 nos

62 2126 94 2180 ut
113 2124 202 2180 emat
224 2134 283 2180 res
299 2109 530 2191 necessarias,
556 2133 665 2200 quare
679 2123 714 2180 et
728 2109 865 2180 civibus
883 2109 952 2178 tuis
965 2133 1045 2178 eum
1098 2113 1212 2182 donec
1236 2136 1443 2203 possumus,
1482 2117 1635 2188 fideliter
1655 2141 1889 2210 propagemus
1909 2116 2097 2212 Evangelii

62 2214 328 2284 commendabis.
382 2209 513 2280 lterum
531 2211 619 2283 vale.
1098 2238 1244 2302 vocem,
1278 2217 1351 2287 sive
1373 2218 1522 2310 imperia
1545 2221 1739 2314 tranquilla
1761 2221 1850 2302 sint,
1873 2221 1947 2292 sive
1970 2225 2098 2294 turbu-

1098 2317 1206 2386 lenta.

72 2443 193 2452 ···-·
511 2442 521 2448 ·
573 2441 601 2448 “’
621 2441 654 2448 .„
1199 2414 1464 2492 Conciuuculas
1486 2419 1527 2496 C.
1551 2421 1595 2498 V.
1617 2426 1774 2498 redditas
1797 2449 1871 2496 esse
1896 2419 2097 2521 gaudeo*)‚

72 2566 118 2636 No
146 2565 251 2640 3326
463 2525 468 2536 ⁸
698 2521 703 2539 ⁸
905 2575 935 2637 5·
957 2551 1032 2650 dpr'.
1099 2545 1185 2616 quas
1216 2522 1289 2590 scio
1320 2522 1620 2614 quidemprocul
1648 2528 1768 2597 abesse
1793 2531 1838 2598 ab
1862 2527 2099 2620 amplitudine

67 2619 270 2702 ,ζῶ
868 2660 1041 2690 m
1098 2624 1310 2714 argumenti,
1335 2625 1397 2696 sed
1415 2639 1534 2695 tamen
1550 2649 1629 2696 cum
1645 2650 1702 2697 res
1718 2654 1820 2716 veras
1835 2645 1866 2700 et
1884 2631 2097 2701 necessarias

1099 2727 1325 2812 contineant,
1360 2749 1462 2820 spero
1486 2751 1545 2798 eas
1565 2727 1635 2820 piis
1655 2729 1799 2800 iudiciis
1817 2732 1973 2824 probari.
2025 2730 2096 2802 Fa·

1099 2829 1232 2899 ciamus
1248 2829 1435 2922 deinceps,
1460 2832 1557 2924 quod
1574 2831 1643 2900 feci
1664 2847 1785 2920 antea;
1814 2835 1877 2904 ubi
1900 2849 2023 2926 potero
2052 2834 2098 2902 il-

123 2929 286 3000 Etiuin's.
301 2941 490 2999 tGabbema
505 2943 582 3016 epist.
597 2943 699 2998 curor.
715 2939 801 3000 viror.
820 2941 905 3013 p.7t.
1022 2943 1035 2996 .'
1098 2933 1257 3004 lustrabo
1280 2932 1481 3002 doctrinam
1508 2935 1760 3018 neeessariam,
1792 2950 1827 3007 et
1849 2937 1926 3028 pios
1948 2936 1993 3005 ad
2010 2960 2097 3006 con-

1098 3034 1257 3105 cordiam
1279 3030 1463 3107 hortabor.
1521 3033 1732 3131 Principum
1756 3040 1915 3110 consiliis
1936 3062 2012 3108 non
2034 3039 2098 3108 ad-

1098 3132 1246 3223 hibeor,
1288 3150 1322 3207 et
1346 3151 1493 3229 propter
1516 3138 1673 3209 studium
1700 3140 1860 3212 veritatis
1883 3153 1917 3211 et
1940 3141 2036 3234 pacis
2057 3143 2098 3210 in

1098 3239 1248 3310 assiduis
1270 3239 1439 3332 periculis
1461 3264 1540 3310 sum
1567 3265 1681 3312 annos
1699 3242 1770 3312 iam
1789 3243 2006 3338 quindecim.
2057 3241 2099 3314 Si

1098 3357 1217 3414 tamen
1241 3363 1379 3432 possem
1403 3342 1542 3436 aliquos
1563 3346 1608 3414 ad
1635 3347 1917 3418 moderationem
1946 3347 2098 3430 flectere,

1097 3469 1172 3514 nou
1191 3447 1346 3514 deessem
1371 3446 1560 3520 occasioni.
1607 3443 1748 3518 Verum
1771 3449 1884 3520 initiis
1907 3473 2098 3520 occurren-

59 3523 152 3623 S.1‘.
202 3546 417 3620 Reverende
433 3545 478 3622 D.
495 3541 649 3642 Aepine,
674 3547 822 3636 gratiam
841 3547 907 3617 tibi
932 3541 1046 3616 habeo
1098 3549 1184 3618 dum
1201 3547 1280 3617 luit.
1332 3545 1407 3636 Qui
1421 3549 1621 3640 principem
1639 3549 1802 3620 iuvenem
1820 3553 1993 3622 armarint
2011 3575 2098 3620 con-

60 3653 208 3722 meritam
239 3667 384 3743 propter
413 3651 696 3722 benevolentiam
727 3671 809 3736 erga
837 3673 893 3718 me
920 3673 1046 3740 perpe-
1097 3664 1151 3722 tra
1177 3650 1351 3740 patriam,
1391 3674 1466 3718 non
1495 3651 1598 3720 valde
1625 3654 1816 3723 obscurum
1842 3668 1911 3738 est,
1942 3677 2097 3744 quorum

60 3767 162 3840 tuam,
188 3769 225 3826 et
241 3778 338 3825 nunc
354 3751 549 3844 hospitium
565 3752 749 3824 deferenti.
803 3750 864 3821 Mc
887 3753 1046 3822 fortassis
1096 3753 1263 3822 voluntas
1277 3773 1367 3844 quae
1382 3751 1428 3820 sit
1444 3775 1524 3842 erga
1539 3749 1735 3824 Ecclesiam
1753 3755 1857 3824 etiam
1875 3755 1959 3825 scio.
1997 3753 2096 3841 Qua-

60 3853 158 3926 latum
182 3859 328 3951 aliquod
356 3851 414 3926 laic
439 3856 575 3944 alligat:
603 3855 755 3946 amplius
776 3879 897 3924 mense
921 3878 1044 3942 aegro·
1096 3879 1134 3924 re
1149 3877 1230 3922 cum
1244 3847 1523 3923 nunchumanis
1543 3855 1702 3923 consiliis
1726 3867 1865 3925 tantum
1889 3855 2096 3926 incendium

61 3961 136 4026 tavit
167 3985 242 4030 mea
276 3961 411 4050 neptis,
452 3983 541 4052 quae
568 3958 753 4026 nobiscum
781 3959 881 4026 vivit.
942 3956 1046 4026 b'unc
1097 3955 1255 4045 extingui
1271 3953 1329 4024 vix
1347 3977 1448 4048 posse
1464 3957 1646 4041 videatur,
1675 3959 1796 4028 Deum
1821 3971 2003 4028 aeternum
2032 3981 2095 4048 pa-

59 4076 203 4150 aegrotat
229 4087 328 4133 uxor.
386 4059 463 4152 Ego
490 4062 598 4150 igitur
621 4075 655 4130 et
685 4061 862 4150 publicam
895 4060 1043 4127 salutem
1097 4072 1186 4128 trem
1209 4057 1348 4140 domini
1372 4057 1487 4128 nostri
1511 4055 1589 4128 lesu
1606 4053 1741 4128 Christi
1765 4083 1828 4128 oro
1853 4059 1947 4128 veris
1960 4074 1994 4130 et
2009 4059 2096 4130 assi-

58 4155 125 4234 Deo
141 4167 370 4244 commendo,
399 4189 463 4234 nee
488 4188 544 4231 me
566 4164 668 4232 valde
691 4163 796 4230 velim
820 4161 1043 4252 superstitem
1096 4161 1177 4230 duis
1198 4159 1406 4249 gemitibus,
1432 4173 1472 4228 ut
1496 4160 1557 4228 alii
1583 4161 1707 4246 multi,
1733 4173 1774 4230 ut
1796 4161 1892 4254 piam
1914 4174 1949 4231 et
1965 4163 2096 4232 saluta-

59 4287 133 4352 esse‚
159 4293 198 4338 ac
214 4280 372 4359 spectare
387 4267 602 4336 calamitates
622 4289 779 4334 mearum
796 4261 1045 4347 Ecclesiarum,
1096 4287 1170 4332 rem
1184 4285 1307 4354 pacem
1322 4262 1496 4334 restituat.
1547 4255 1790 4332 Macedonem
1807 4264 1961 4334 arbitror
1979 4277 2012 4334 et
2033 4266 2096 4334 de-

58 4365 83 4433 si
97 4365 290 4464 Aquilae*)
307 4367 403 4440 Deus
419 4369 600 4461 permittet
619 4369 656 4436 iu
674 4393 730 4437 eas
750 4391 910 4438 exercere
932 4368 1045 4434 saevi·
1096 4366 1296 4457 speratione
1320 4379 1353 4434 et
1377 4364 1450 4435 fato
1475 4366 1629 4457 quodam
1656 4366 1841 4459 impediri,
1876 4391 1921 4434 ne
1944 4367 1987 4436 de
2010 4389 2095 4456 pace

57 4469 145 4546 tiam.
195 4471 320 4542 Habeo
345 4475 526 4542 decretum
549 4464 794 4539 Tridentinae
816 4463 979 4564 Synodi‚
1005 4469 1044 4536 in
1096 4468 1190 4537 inter
1210 4481 1378 4558 cognatos
1402 4479 1490 4556 agat.
1552 4463 1623 4556 Sed
1647 4469 1676 4536 si
1703 4470 1810 4537 velim
1835 4463 1893 4536 hic
1915 4491 2096 4536 recensere
2188 4481 2197 4494 ‘

58 4595 118 4664 qua
141 4577 332 4646 damnatur
358 4600 425 4646 vox
448 4575 568 4644 divina
592 4575 636 4642 de
653 4571 791 4644 lustitia
817 4573 899 4644 fidei
914 4595 1044 4640 sonans
1096 4571 1275 4663 querelas,
1308 4570 1450 4659 longam
1476 4566 1588 4638 lliada
1613 4569 1814 4640 scriberem.
1867 4567 2013 4638 Turrici
2035 4593 2094 4638 ex-

57 4671 429 4750 inEcelesiisnostris.
482 4676 608 4746 Telam
628 4675 737 4765 igitur
760 4700 882 4746 exorsa
905 4671 1043 4768 estSy-
1096 4673 1225 4742 arcitus
1257 4685 1413 4742 recentes
1440 4673 1479 4740 in
1503 4669 1728 4742 Pannoniam
1750 4671 1887 4740 venisse
1912 4671 2094 4741 dicuntur.

56 4781 164 4850 nodus
183 4783 407 4850 damnandae
423 4780 601 4858 veritatis,
628 4780 718 4849 etin
738 4779 817 4850 nliis'
839 4778 963 4846 multis
985 4801 1040 4845 ar·
1094 4770 1248 4845 Accedet
1269 4773 1377 4863 igitur
1398 4775 1441 4842 ad
1468 4773 1573 4841 civile
1603 4775 1808 4844 incendium
1840 4772 1946 4841 etiam
1980 4787 2095 4843 exter-

55 4877 176 4956 ticulis.
227 4882 296 4955 Sed
315 4883 344 4952 si
359 4884 495 4961 vivam,
519 4883 619 4951 edam
638 4882 887 4951 refutationem
913 4879 1043 4948 adiuu-
1094 4902 1181 4948 num
1211 4876 1356 4949 bellum.
1419 4874 1520 4946 luter
1551 4871 1637 4944 llaec
1665 4876 1758 4945 mala
1791 4889 1909 4942 tamen
1940 4877 2095 4946 servabit

55 4981 113 5050 ctis
145 4985 356 5056 testimoniis
387 4985 592 5055 docentium
624 4985 663 5052 in
700 4965 831 5053 uostris
862 4979 1041 5051 Ecclesiis.
1094 4982 1194 5051 Deus
1216 4975 1432 5064 Ecclesiam,
1463 4999 1538 5046 nou
1563 4999 1645 5046 arcu
1672 4990 1705 5047 et
1732 4977 1850 5066 gladio
1866 4989 2008 5058 nostro,
2032 4980 2092 5048 sed

53 5075 124 5152 Etsi
145 5101 261 5158 autem
283 5087 452 5159 terribilis
470 5099 523 5157 est
536 5083 690 5178 Aquilae
706 5087 897 5168 adventus,
923 5097 1041 5154 tamur
1093 5083 1133 5150 in
1152 5081 1231 5152 Deo
1254 5093 1377 5152 nostro
1403 5093 1516 5166 nant,
1555 5091 1596 5148 ut
1628 5079 1746 5149 verbis
1775 5073 1975 5170 Prophetae
2002 5095 2093 5154 utar.

53 5205 146 5274 spero
160 5186 279 5262 Deum
302 5192 582 5282 gubernaturum
608 5211 681 5258 esse
705 5183 772 5258 hos
789 5201 928 5270 metus,
954 5201 988 5256 et
1003 5201 1043 5257 ut
1093 5180 1191 5255 Bene
1207 5183 1319 5254 valeat
1332 5180 1373 5254 C.
1389 5181 1434 5254 V.

1946 1041 2000 1120 (¹1·
2027 1045 2075 1120 t·)

410 2766 477 2850 Ιο.
499 2763 682 2878 Aepr'no.

61 3097 262 3176 Reuerendo
285 3097 384 3180 Viro
406 3097 609 3174 eruditione
632 3111 664 3171 et
689 3099 818 3172 virtute
865 3101 1049 3171 raestanti

62 3203 348 3278 nlotannt
375 3202 573 3302 Aepino,
615 3201 776 3276 Ductori
840 3200 1045 3299 bologne,

60 3307 276 3402 gubernanti
292 3307 500 3380 Ecclesiam
517 3305 597 3377 Dei
612 3307 651 3377 in
668 3301 808 3403 inclyta
829 3308 1046 3396 nrbeHam-¹

244 3411 384 3508 bargo,
410 3411 528 3482 amico
545 3436 613 3482 suo
629 3405 867 3498 charissimo,

1093 5343 1148 5354 a·—
1170 5343 1321 5354 -—-—-—

63 5385 263 5406 ⁸*—

1126 5445 1158 5510 *t
1179 5447 1240 5502 vsa.
1252 5466 1332 5520 supa
1351 5446 1430 5518 epra.
1449 5445 1482 5499 sa
1499 5443 1718 5500 unsaramma.
1734 5403 1921 5500 ausum
1937 5453 1960 5498 a
1984 5457 2091 5498 neum

81 5519 104 5584 ⁸)
123 5515 222 5574 Carolo
235 5519 405 5594 imperatori.
1063 5411 1069 5556 l
1164 5517 1261 5590 Aprili.
