4682 6254
65 349 130 428 889
552 351 559 360 ’
647 345 1093 430 EPISTOLARUM
1150 345 1334 430 htux.
1387 347 1519 433 1547.
2021 355 2098 433 890

64 523 263 600 Academiae
286 526 468 600 coniuncti
492 541 596 616 sunt,
625 522 815 616 adhortor,
846 539 888 598 ut
910 527 1049 612 usitatis
1304 520 1360 601 D.
1395 520 1426 597 I
1428 517 1643 598 oachimo
1674 521 1734 601 M
1736 523 1785 602 oi
1792 525 1888 601 iera

63 629 260 702 ceremoniis
287 630 472 716 intersint,
508 645 545 702 et
573 630 792 723 coniungant
822 654 942 725 preces
966 655 1047 702 cum
1092 652 1123 745 s
1171 675 1207 748 D
1269 670 1487 746 Charissime

61 729 226 819 Ecclesia,
259 746 401 824 petente
426 732 684 823 mitigationem
708 734 953 806 communium
978 734 1047 804 mi·-
1125 722 1135 742 ’
1210 727 1219 750 “

63 835 224 906 seriarum
250 847 284 904 et
309 859 441 926 pacem.
499 833 568 906 Die
593 849 691 910 sexto
717 835 922 922 Februarii,
951 859 1046 906 anno

1521 669 1731 764 Ioachimc,
1770 675 1874 750 Hanc
1906 679 2090 771 epistolam

1092 777 1217 869 scripsi
1240 776 1298 847 die
1318 779 1421 849 tertio
1446 779 1585 849 decimo
1602 777 1809 865 Februarii,
1834 806 1905 875 quo
1925 807 1982 851 me
2002 795 2092 853 tem·

65 931 152 1008 ¹546
168 931 190 973 ,
330 947 336 962 ,
1091 903 1158 970 pus
1181 881 1225 950 de
1246 865 1488 974 pulcherrima
1514 881 1673 952 Victoria
1687 877 1891 952 'Maccabei
1912 885 2090 967 admonet,

190 939 217 1031 i·
1092 982 1155 1074 qui
1172 1006 1213 1051 eo
1228 983 1286 1051 die
1302 997 1385 1054 ante
1398 1007 1511 1054 annos
1527 983 1627 1055 1717
1640 978 1877 1070 Nicanorem,
1903 987 1965 1079 qui
1979 985 2089 1056 Tem-

1091 1084 1152 1175 plo
1170 1085 1418 1175 superbissime
1435 1087 1619 1156 minitatus
1634 1079 1768 1172 iuerat,
1794 1087 1868 1156 atie
1881 1087 1976 1160 vicit.
2009 1083 2089 1158 Etsi

1091 1200 1209 1256 antem
1232 1187 1360 1275 gratias
1384 1211 1485 1278 agere
1509 1211 1606 1258 nunc
1622 1213 1764 1282 quoque
1779 1213 1844 1282 pro
1862 1189 2003 1258 defense
2018 1185 2090 1260 Et-
2150 1206 2152 1214 '

73 1337 101 1408 N
146 1334 246 1412 3732
909 1341 1018 1412 Hb
1091 1287 1196 1357 clesia
1210 1283 1287 1357 Deo
1311 1289 1499 1376 debemus,
1531 1314 1571 1359 ac
1587 1302 1705 1382 petere
1721 1304 1755 1361 et
1769 1305 1948 1382 expectare
1965 1291 2089 1360 deien-
2159 1319 2165 1328 ·

66 1361 267 1472 ,Ἆῤ
873 1352 1045 1459 dne-⁸„
1089 1390 1225 1460 sionem
1240 1387 1742 1462 Ecclesiarumacdoctririae:
1767 1406 1887 1462 tamen
1902 1415 2030 1482 magno
2048 1393 2087 1464 in

379 1501 472 1612 pac·
496 1523 713 1611 Milicho·
1089 1491 1188 1561 luctu
1211 1515 1311 1577 sum,
1336 1507 1481 1585 propter
1496 1492 1705 1585 Principum
1722 1494 1999 1580 deformitatem,
2024 1495 2088 1587 qui

614 1649 619 1658 .
1089 1593 1321 1662 dissimillimi
1345 1611 1428 1665 sunt
1452 1597 1598 1665 illorum
1628 1597 1775 1665 fortium
1804 1597 1983 1681 virorum,
2023 1595 2085 1688 qui

138 1682 222 1756 ⁸¹²³st
240 1681 335 1776 ¹³b·,¹¹·
354 1702 380 1757 l·
392 1683 453 1740 ⁴⁵³·
473 1683 530 1752 (²⁶⁶
547 1681 635 1737 Lora.
655 1681 703 1738 ¹¹¹³·
717 1681 754 1740 ¹¹·
773 1697 815 1750 ‘P'
828 1677 909 1747 ⁴⁷⁷³·
1087 1689 1314 1766 Nicanorem
1335 1709 1422 1766 tune
1436 1698 1615 1783 vicerunt,
1645 1723 1724 1766 curn
1740 1697 1884 1791 quidem
1900 1721 1964 1766 nec
1979 1697 2085 1769 dissi-

290 1833 346 1910 a.
371 1832 548 1908 ¹⁰⁶⁰⁶⁰
570 1830 800 1907 Milichie
1087 1796 1312 1968 illuit}
1331 1799 1822 1991 iitriiisiii‘is‘laqiii
1841 1799 2083 1991 iiiiii

63 1968 98 2058 S·
120 1987 161 2059 D·
208 1985 302 2060 cum
327 1987 406 2057 ³¹3⁵
429 1989 473 2057 de
495 1987 610 2056 “lusis
632 1987 671 2054 3¹¹
695 1987 865 2079 ⁰PPidl¹m
882 1999 1043 2056 millum
1087 2002 1154 2069 bus
1186 2001 1347 2095 querelas
1377 2004 1504 2071 multas
1533 2003 1735 2072 meministi.
1800 1997 1946 2073 Utinam
1978 2003 2084 2073 urbes

64 2090 196 2184 Ptofttfi
219 2114 374 2160 essemus
388 2086 523 2160 D⁰c101
539 2083 774 2182 Augustini&
795 2103 830 2159 θῑ
851 2113 934 2179 θὲθ,
961 2111 1043 2158 ⁰³⁵¹¹
1087 2104 1177 2172 bene
1205 2116 1362 2172 moratae
1386 2104 1524 2174 felicius
1547 2117 1714 2174 tueantur
1738 2118 1772 2172 et
1794 2099 1969 2172 Ecclesiam
1990 2126 2082 2189 suas,

65 2195 100 2262 td
121 2193 250 2262 lunera
284 2193 356 2262 duo
388 2193 569 2272 venimus,
602 2184 845 2284 Pl⁰⁶hing⁶ri
869 2203 904 2260 ei
930 2189 1042 2261 n0⁵1ri
1087 2217 1120 2274 et
1134 2205 1350 2289 doctrinam,
1373 2219 1407 2274 et
1420 2207 1664 2298 disciplinam,
1690 2206 1787 2299 quod
1804 2205 1947 2297 quidem
1967 2228 2082 2298 spero.

64 2293 256 2382 Q⁰³0⁸l⁰ii⁸
273 2286 346 2389 η),
367 2295 467 2364 cuim
481 2293 636 2364 ῑὸῑῑῡῐὶθθ
651 2317 732 2364 tum
751 2309 873 2388 Ρῡθῑθᾶ
891 2292 1044 2384 inspice·
1086 2303 1166 2376 Etsi
1181 2307 1276 2374 enim
1291 2329 1407 2392 nunc,
1437 2319 1623 2401 postquam
1640 2308 1799 2397 ignavia,
1823 2321 1862 2376 ut
1876 2307 2084 2376 mollissime

58 2420 165 2496 'umus
188 2397 395 2487 diligentiae
416 2411 451 2466 ct
471 2395 553 2464 fidei
571 2396 812 2467 testimonium
825 2396 857 2464 ei
874 2396 1042 2486 praebere
1087 2408 1221 2492 dicam,
1244 2431 1388 2492 comm,
1415 2410 1478 2502 qui
1500 2410 1691 2480 exercitum
1716 2411 1761 2477 ad
1774 2403 1998 2478 Danubium
2017 2410 2085 2479 du.
2201 2483 2205 2490 Ι

64 2522 118 2568 nos
132 2498 263 2569 iustum
277 2498 355 2570 tuit.
382 2493 532 2592 Aliquid
550 2499 719 2589 pecuniae
732 2499 930 2588 collegerat,
946 2495 1058 2588 quod'
1085 2503 1232 2592 muna,
1264 2509 1467 2600 superbiam
1492 2506 1649 2581 hosfium
1670 2511 1784 2594 auxit,
1819 2512 1858 2578 in
1880 2524 1977 2580 meru
2001 2523 2085 2581 sunt

64 2597 1043 2691 Retifflilffldidimssss⁰⁰1¹⁰⁸¹il³²¹¹di³⁵⁰lvam¹¹⁸s‘i
1087 2611 1258 2680 civitates:
1293 2609 1412 2680 tame'n
1433 2609 1530 2680 Deus
1550 2607 1619 2681 hoc
1643 2612 1840 2702 periculum
1862 2613 2086 2702 gubernabit,

65 2703 130 2794 plus
144 2703 351 2774 collecturos
366 2725 432 2772 nos
445 2725 519 2772 esse
533 2725 740 2793 speramus·
777 2699 834 2771 Ad
854 2697 984 2775 Vitam
999 2700 1043 2767 de
1087 2725 1122 2784 et
1138 2712 1337 2803 respirandi
1356 2713 1513 2803 spacium
1530 2705 1688 2806 nohisi)
1709 2715 1888 2787 concedet,
1937 2701 2082 2782 DeCa.

64 2816 91 2874 te
108 2804 243 2898 scripsi,
277 2804 342 2875 etsi
363 2828 428 2874 nec
448 2804 599 2873 alterurn
620 2805 764 2898 quidem
781 2804 961 2893 negotium
979 2801 1041 2870 ab·
1088 2803 1168 2883 rolo
1193 2813 1407 2906 imperatore
1429 2815 1459 2884 si
1483 2815 1570 2907 qnid
1594 2809 1742 2884 habebis
1764 2816 1892 2884 certius
1916 2815 2084 2904 significa.

67 2905 186 2990 tisiam,
212 2931 281 2976 nec
297 2931 337 2977 eo
356 2907 548 2991 deterreor,
567 2908 664 3001 quod
680 2902 901 2975 Eburonum
916 2903 1044 2978 Comes
1086 2915 1198 2986 Nobis
1220 2911 1315 2985 nihil
1341 2918 1428 2986 cerri
1452 2917 1685 3007 significatum
1711 2929 1779 3002 est,
1804 2917 1874 2986 nisi
1893 2921 2084 2987 tumescere

65 3007 123 3078 iam
145 3023 237 3080 tenet
251 3001 587 3106 Francosordiam.
637 3005 817 3081 Restituet
838 3010 933 3078 enim
946 3007 1044 3077 Deus
1087 3018 1334 3110 cinnomus,
1366 3020 1580 3114 nescioquo
1602 3019 1740 3091 morbo.
1799 3016 1973 3109 Reginam
1998 3043 2085 3089 con.

65 3110 237 3206 aliqnando
263 3111 557 3204 tranquillitatem
581 3110 750 3197 urbibus,
782 3135 972 3204 quaecum
988 3109 1043 3178 vi·
1088 3121 1205 3210 iugem
1236 3113 1478 3190 Ferdinandi
1515 3133 1692 3190 mortuam
1727 3143 1818 3206 esse,
1858 3133 1990 3190 certum
2023 3136 2085 3194 est,

66 3211 173 3293 deant,
210 3236 247 3282 ⁵²
270 3225 305 3283 ei
328 3215 482 3282 desertas
506 3227 540 3283 ei
561 3215 719 3303 proditas
742 3237 816 3284 esse
840 3214 885 3283 ab
907 3213 1044 3304 ignavis
1087 3217 1125 3290 T
1125 3218 1263 3291 urcicos
1277 3225 1450 3294 exercitus
1468 3225 1592 3293 venire
1609 3224 1648 3291 in
1663 3213 1884 3291 Pannonias
1900 3223 2005 3292 multi
2019 3226 2083 3292 ad-

67 3310 287 3406 Principibus,
313 3328 349 3386 et
363 3313 592 3385 modestiores
609 3329 724 3398 erunt,
745 3331 779 3386 et
793 3311 942 3387 rectiora
958 3339 1043 3384 con·
1088 3325 1239 3393 firmana.
1291 3320 1350 3393 Ad
1374 3349 1431 3394 me
1455 3350 1495 3394 ex
1518 3323 1716 3394 Pannoniis
1743 3324 1939 3417 exemplum
1964 3325 2084 3395 litera.

65 3415 128 3486 tilia
141 3419 293 3488 tuendae
305 3417 401 3509 pacis
418 3431 600 3510 quaerent.
653 3417 760 3507 erod
778 3417 838 3488 ille
854 3419 911 3488 vir
924 3418 1044 3488 fortis·
1088 3450 1167 3495 rum
1194 3449 1285 3519 quae
1312 3428 1463 3519 scriptae
1496 3441 1579 3496 sunt
1605 3423 1809 3522 Byzantii,
1845 3427 1990 3496 missum
2022 3441 2085 3498 est.

66 3517 157 3590 simos
172 3511 393 3588 Philoctetes
415 3521 460 3588 de
482 3518 643 3590 Ducibus
667 3523 712 3590 ad
733 3515 772 3589 T
771 3518 891 3590 roiam
916 3521 1044 3614 inquit,
1088 3527 1422 3620 Tuam-epistolam
1446 3524 1553 3597 hodie
1573 3531 1711 3601 mitram
1733 3523 1916 3597 Pontano.
1978 3527 2086 3616 Quod

66 3641 125 3690 esse
144 3647 200 3692 eos
221 3617 363 3702 κακοὺς
382 3616 474 3717 πρὸς
497 3617 637 3716 αἰχμὴν
661 3615 1044 3722 371039'20'70193902·
1089 3631 1219 3700 iterum
1236 3632 1350 3700 desers
1364 3626 1569 3722 hospitium,
1587 3632 1715 3724 gratias
1729 3655 1793 3720 ago
1809 3645 1843 3700 et
1857 3631 1948 3722 patri
1964 3646 1998 3699 et
2012 3631 2086 3699 tibi.

66 3725 126 3802 oric
139 3725 222 3795 tales
238 3747 313 3794 esse
330 3737 468 3794 nostros
483 3723 551 3791 iam
570 3747 608 3792 re
622 3741 841 3814 compertum
857 3739 919 3798 est.
971 3723 1045 3796 Re-
1088 3729 1167 3801 Etsi
1189 3732 1293 3801 doleo
1318 3746 1455 3831 coetum
1479 3727 1726 3803 scholasticum
1745 3733 1867 3822 oppidi
1885 3732 2086 3801 nostridis-
2187 3731 2193 3744 '

65 3823 166 3909 ginam
183 3827 369 3916 coniugem
382 3824 492 3914 Regis
512 3817 753 3922 Fordinaadi
767 3827 854 3894 scito
869 3842 1044 3898 mortuam
1089 3833 1242 3926 sipatum
1261 3854 1353 3917 esse,
1378 3826 1497 3904 tamen
1516 3857 1556 3902 eo
1578 3835 1711 3903 lenitur
1726 3835 1848 3918 dolor,
1880 3833 1973 3924 qnod
1991 3833 2085 3903 mul·

66 3947 143 4010 esse,
175 3930 303 4000 victam
327 3941 449 4021 partus
472 3928 666 4002 laboribus.
719 3926 815 3997 Bene
839 3928 927 3997 vale·
978 3929 1046 3999 Die
1090 3935 1135 4004 tis
1158 3934 1245 4003 locis
1268 3934 1340 4003 iam
1365 3935 1403 4002 in
1420 3934 1569 4004 urbibus
1585 3934 1773 4004 seminaria
1791 3947 1874 4003 sunt
1893 3927 2086 4020 doctrinae,
2147 3927 2153 3940 ⁴

68 4029 114 4100 12.
127 4029 323 4126 Februarii.
1089 4050 1125 4111 et
1139 4030 1279 4106 scholae
1291 4036 1560 4129 frequentiores.
1604 4031 1838 4128 Brunsuiga,
1861 4029 2087 4130 Nortbcrga,

1090 4132 1295 4230 Goltberga
1320 4149 1532 4228 exceperunt
1550 4137 1681 4207 multos
1705 4138 1817 4207 nostri
1835 4138 1985 4227 agminis
2001 4163 2087 4208 exu-

78 4277 1042 4298 -.-....-.-------»---ψ-·------
1091 4241 1153 4314 les.
1195 4239 1345 4310 Veniam
1366 4240 1474 4330 igitur
1488 4238 1679 4333 aliquando
1697 4241 1742 4308 ad
1758 4263 1832 4325 vos,
1856 4254 1893 4311 et
1909 4241 2085 4310 adiuvabo
2196 4273 2200 4280 ·

1092 4342 1207 4414 studia
1228 4338 1368 4413 scholae
1390 4355 1542 4425 vestrae,
1572 4343 1669 4436 quod
1695 4342 1799 4431 longe
1819 4342 1942 4411 malim
1960 4343 2085 4424 iacere,

78 4435 133 4510 No·
154 4444 268 4518 5735.
878 4457 933 4518 ts.
948 4447 1035 4514 Febr.
1091 4469 1198 4539 quarn
1230 4443 1374 4513 insulsis
1397 4445 1554 4514 consiliis
1577 4445 1757 4528 aularum,
1790 4445 1829 4512 in
1851 4443 1981 4537 quibus
2005 4467 2086 4512 cum

72 4533 271 4580 Μ
870 4537 1041 4566 “⁸'‘
1092 4545 1279 4617 insolentia
1297 4560 1330 4614 et
1345 4545 1510 4637 superbia
1525 4547 1713 4617 coniuncta
1729 4559 1779 4615 est
1796 4544 1948 4634 ignavia,
1974 4543 2087 4613 inter-

356 4644 507 4729 loacb.
539 4643 741 4732 Mollem.
1000 4645 1012 4658 ”
1092 4672 1176 4722 esse.
1227 4647 1407 4718 Libellum
1432 4649 1476 4718 de
1497 4650 1702 4719 defensione
1724 4645 1790 4717 tibi
1812 4646 1933 4728 mitto,
1959 4645 1996 4712 in
2015 4669 2100 4738 quo.

1092 4751 1191 4843 prior
1213 4773 1293 4840 pars
1306 4745 1414 4820 Iasio
1428 4743 1564 4820 Manio
1581 4748 1721 4842 propria
1737 4759 1798 4820 est.
1850 4740 2008 4815 Alteram
2023 4769 2085 4835 ego

1092 4853 1242 4934 attexui,
1264 4866 1304 4923 ut
1320 4851 1462 4923 libellus
1476 4852 1711 4923 verecundam
1726 4863 1760 4918 et
1776 4848 1948 4918 eruditam
1965 4849 2089 4939 dispu-

68 4977 267 5002 ······-···
1092 4955 1262 5026 tationem
1276 4956 1484 5028 contineret.
1517 4951 1608 5024 Nam
1624 4953 1698 5044 ipse
1712 4965 1881 5042 tanquam
1898 4951 1981 5020 tuba
1998 4951 2087 5020 clas-

97 5057 273 5153 *sumtum
287 5083 514 5160 typographicam
528 5103 592 5156 pro:
613 5083 691 5168 ψῃ,
716 5082 825 5166 sienim
841 5081 1048 5165 neeroman-
1093 5057 1204 5127 sicum
1229 5079 1377 5142 canens,
1406 5054 1633 5128 atrocissimis
1658 5051 1827 5122 conviciis
1842 5051 1976 5148 reliqua
1991 5077 2089 5121 com

127 5156 227 5211 demiae
246 5175 360 5211 munere
378 5155 540 5209 tenerescit
557 5151 1049 5222 Crucrgerusrodcaiestonatrrrta-
1093 5159 1263 5250 plevem·
1319 5157 1611 5228 Hancmopggam
1634 5155 1909 5247 disputationem
1932 5157 2089 5243 ppudffi.

98 5229 161 5364 „¹¹⁸
175 5225 275 5280 meteri
287 5225 452 5342 {mim
465 5240 553 5338 esque
566 5221 599 5276 'd
612 5221 764 5278 octobrem
779 5221 843 5364 ⁸2⁰⁵
859 5223 933 5276 Μ’
1022 5323 1028 5338 ,
1095 5260 1190 5330 tibus
1205 5259 1398 5330 lectoribus
1416 5257 1605 5349 gratiorem
1623 5259 1699 5327 fore
1716 5254 1882 5326 iudicavi.
1912 5254 1983 5324 Nec
2000 5277 2089 5346 opus

130 5326 220 5452 idib.
232 5327 306 5451 iiiii
314 5325 400 5466 {iiii
407 5323 513 5448 {capt
527 5321 601 5392 publ.
618 5319 651 5374 γ’
667 5323 689 5375 L
706 5337 733 5390 ν’
749 5319 798 5375 ¹⁸⁵
823 5331 870 5376 '²¹
883 5322 916 5376 δὲ
929 5321 1049 5393 G‘W’
1094 5375 1146 5431 est
1163 5359 1305 5430 classico
1318 5361 1450 5432 nostris
1463 5360 1600 5449 ignavis
1618 5357 1859 5429 bellatoribus.
1888 5354 1936 5428 Ut
1952 5349 2091 5426 Graece

1097 5499 1365 5622 -ffiow’
1385 5551 1459 5624 quod
1473 5549 1603 5606 mendam
1618 5549 1737 5606 ridetur.

1294 5619 1377 5702 25⁴

123 4821 204 4894 aaa.
224 4824 274 4882 tn.
286 4825 322 4880 n.
340 4841 367 4895 μ
379 4825 439 4880 rso.
457 4823 511 4891 (aa.
527 4821 615 4878 nona.
634 4822 681 4876 an.
697 4819 731 4878 n.
750 4835 793 4890 ep.
809 4819 891 4886 ersa.
