4744 6254
58 371 166 482 sss,
525 351 530 360 ’
635 365 1074 450 ntusrosanun
1129 371 1239 450 sta.
1271 366 1317 450 x.
1370 371 1506 449 sarr.
2012 363 2089 444 sss

59 575 141 644 quae
155 549 299 620 divitias
313 559 496 620 auxerunt.
550 544 751 638 ernegum
765 561 863 616 arma
879 543 970 617 tueri
986 547 1047 614 de·
1091 547 1236 617 vocabat
1248 539 1488 631 honorabiles,
1514 557 1548 616 et
1557 543 1849 616 consuetudinem
1864 539 2089 632 coniugalem

59 655 141 724 bent
156 675 260 722 verus
273 651 388 722 cultus
402 648 489 734 Dei,
512 643 659 720 honesta
678 649 851 739 coniugia,
871 647 1047 735 mulieres,
1092 671 1171 719 cum
1187 671 1295 717 uxore
1311 647 1456 742 propria
1473 649 1665 720 castitatem
1681 669 1753 716 esse
1767 643 1918 716 dicebat.

61 769 92 825 et
107 775 235 846 parvos
252 773 401 843 pueros,
426 764 466 821 ut
481 751 580 822 iubet
593 775 662 822 vox
675 751 853 824 coelestisa
877 744 1047 819 Iudicate
1193 753 1454 819 Geereredesunt:
1490 769 1524 817 nt
1546 769 1685 839 eppareet
1705 754 1878 818 inchoetur
1892 753 1984 815 futen
2006 751 2088 813 beno

58 850 219 954 pupillo,
244 847 426 950 defendite
442 846 587 926 viduas.
1090 861 1302 941 scriptionem,
1330 881 1393 921 non
1408 861 1585 946 absolutam.

153 972 224 1044 Sed
241 973 343 1055 illud,
371 969 522 1064 inquies,
549 971 588 1039 in
604 972 841 1042 controversia
858 971 931 1040 est?
955 964 1045 1039 Pro·
1829 1035 1833 1041 ,

60 1071 180 1146 hibent
197 1075 364 1166 antiquae
382 1074 474 1162 leges
490 1084 542 1142 tot
556 1069 803 1166 Synodorum,
827 1086 880 1144 tot
896 1069 1047 1141 Pontifi-
1260 1055 1308 1150 Β)
1338 1053 1566 1148 Scriptum
1601 1078 1620 1124 e
1646 1051 1748 1132 Cod.
1774 1051 1916 1126 Basil.

63 1201 135 1246 cum
149 1176 329 1264 coniugia.
378 1173 452 1244 Nec
472 1175 737 1244 concedendum
759 1188 828 1260 est,
854 1189 894 1245 ut
908 1175 1045 1266 privato
1159 1171 1179 1234 't
1197 1167 1233 1222 Β*
1247 1169 1401 1242 ²t⁰sf³t¹¹⁰
1414 1169 1442 1223 ¹¹¹
1455 1169 1517 1224 eod.
1531 1167 1615 1224 Μ·
1629 1169 1672 1224 ³⁹·
1694 1187 1721 1241 t·
1735 1170 1779 1224 ⁵⁷·

63 1275 188 1346 indi⁰3⁰
208 1277 350 1346 labefiat
364 1274 482 1364 legum
494 1275 716 1366 publicarum
733 1277 913 1348 ³¹¹²⁰¹it³⁵·
964 1273 1047 1345 N⁰¹¹
1095 1307 1348 1409 (Supplieolio
1362 1310 1543 1382 uxoribus
1556 1303 1827 1382 Ministrorum
1842 1287 1945 1380 serbi
1955 1303 2027 1384 die.
2045 1305 2084 1380 in

62 1379 281 1448 tolerandum
295 1390 347 1446 est
363 1377 561 1468 exemplum
576 1393 713 1468 spretae
727 1375 936 1450 Maiestatis.
1268 1412 1353 1486 mg,
1373 1411 1572 1508 Viubcpga
1589 1411 1726 1506 wippa
1741 1437 1766 1482 a
1785 1406 1904 1502 Md.)

157 1493 299 1566 Scimus
328 1490 415 1564 haec
434 1505 556 1564 contra
578 1518 644 1563 nos
667 1494 706 1563 in
728 1495 886 1564 consiliis
907 1491 1047 1586 Regum

64 1595 293 1690 plausibiliter
314 1594 395 1668 dici.
446 1594 516 1665 Sed
540 1619 690 1689 aequum
712 1609 783 1680 est,
815 1620 877 1666 vos
894 1597 1047 1666 vicissim

65 1697 177 1769 audire
193 1711 352 1766 nostram
370 1695 622 1769 defensionem.
672 1693 910 1788 Exaggerenn
934 1723 1048 1792 quan-

67 1813 133 1870 lnm
156 1799 279 1868 volent
302 1799 421 1886 legum
456 1821 599 1868 suarum
621 1797 857 1869 autoritatem.
909 1798 1047 1868 Tamen

1143 1557 1291 1633 Etiamsi
1314 1563 1406 1654 leges
1428 1575 1568 1646 vetant,
1600 1561 1766 1630 mulieres
1789 1583 1928 1631 causam
1956 1557 2084 1642 dicere,

1093 1667 1223 1756 optime
1240 1666 1451 1758 imperator,
1483 1679 1602 1734 tamen
1628 1689 1707 1732 cum
1725 1686 1798 1730 non
1815 1677 1886 1732 tam
1901 1661 1945 1728 ad
1963 1660 2083 1728 dicen-

1092 1769 1174 1835 dam
1190 1791 1347 1850 causam,
1380 1791 1485 1860 quam
1508 1769 1550 1836 ad
1568 1766 1827 1856 deprecandum
1847 1761 1993 1834 exitium
2008 1783 2084 1826 ma-

66 1895 141 1968 haec
163 1899 337 1969 sententia
359 1899 511 1967 tenenda
535 1911 603 1968 est:
638 1893 722 1966 Deo
736 1895 869 1994 magis’
881 1894 1048 1970 obedien«
1094 1870 1245 1937 ‘imm'
1266 1869 1517 1937 aclibemmm
1538 1883 1740 1936 ¹¹⁰⁵tf⁰r¹¹m
1767 1861 1826 1936 hic
1848 1862 2024 1934 ⁰⁰⁰¹¹¹⁸³d
2049 1875 2088 1931 ιθ

68 1995 142 2070 dnm
157 2009 229 2086 051,
261 2023 374 2097 quam
391 1991 615 2070 hominibus,
665 1999 738 2070 Nec
761 2002 967 2090 legumvpm
983 1999 1048 2072 h„
1093 1967 1282 2060 prodierit,
1315 1969 1454 2037 veniam
1477 1967 1707 2088 nobis-dabis.
1757 1961 2086 2084 Quappuamenipn

68 2103 161 2188 bent,
195 2105 355 2185 decreta,
387 2125 467 2170 cum
490 2102 664 2172 mandatis
687 2103 825 2175 diuinis¹
843 2106 1048 2194 pugnantia,
1093 2072 1457 2160 ⁹¹P¹¹d0r0lm⁰¹¹¹⁵2
1490 2083 1931 2190 ⁸ff¹⁰¹1¹⁰⁵lr⁰Pl⁰Pr¹uss
1962 2057 2086 2182 [imbl-

69 2217 102 2273 ut
116 2205 254 2298 tyranni
270 2201 464 2296 Babylonii
481 2204 617 2287 edicto,
649 2204 805 2275 iubentis
820 2207 960 2275 adorari
978 2222 1048 2277 sta·
1092 2172 1325 2291 bebanf¹J⁰⁸²
1358 2171 1830 2290 Braeffefi¹m³d³fm³l¹¹mg
1861 2167 2087 2283 θὸῑθάῐχῗῦ·

68 2319 173 2390 tuam,
200 2327 423 2398 nequaquam
446 2304 762 2396 obtemperandum
778 2307 858 2378 supp,
910 2305 962 2378 1„
982 2331 1047 2378 nec
1092 2297 1175 2340 men
1190 2289 1274 2344 vrcrt
1288 2297 1407 2342 omma
1427 2271 1568 2341 vincula
1593 2286 1717 2342 caritas
1740 2292 1929 2360 conrugum
1946 2279 1980 2335 et
1995 2265 2087 2334 lrbe-

70 2405 205 2478 iniustae
230 2419 266 2476 et
290 2405 492 2500 tyrannicae
513 2405 583 2496 legi
605 2407 649 2474 de
670 2407 846 2478 coelibatu
865 2409 1048 2501 obtempe-
1093 2397 1234 2458 ‘mm’
1269 2397 1358 2467 ΨΜ
1376 2373 1414 2440 3¹¹
1440 2387 1566 2443 mmm
1587 2374 1695 2443 imm
1717 2385 1850 2442 timiam
1874 2369 1946 2470 Vim
1970 2362 2088 2450 habeb

71 2509 206 2578 ,andum
223 2520 292 2592 es„
319 2505 357 2574 pn
374 2529 444 2600 qu,
457 2507 560 2577 musti
576 2507 700 2578 imum
716 2531 863 2580 mores·
1090 2487 1134 2544 -ut
1156 2475 1255 2544 nullo
1272 2473 1432 2566 periculo
1454 2474 1713 2570 deterreamur,
1745 2499 1816 2566 quo
1839 2471 1958 2540 minus
1982 2491 2086 2560 opem

1092 2577 1247 2645 seramus
1262 2577 1324 2656 iis,
1350 2599 1503 2668 quorum
1522 2576 1626 2643 nobis
1643 2576 1736 2644 salus
1751 2587 1870 2643 nostra
1886 2573 1958 2642 vita
1972 2569 2104 2640 carior·

72 2741 158 2812 cibus
172 2741 316 2811 tolerari
331 2763 406 2808 non
426 2752 556 2830 potest,
589 2741 660 2810 nisi
675 2742 855 2812 fortassee
877 2743 1049 2833 paucissi-
1094 2673 2087 2868 ppqpppqttprrppppquaegppcpppprqrpspaptfilppeastpppg

71 2843 138 2958 fni*
187 2841 328 2912 Deinde
345 2840 1046 2959 fiqgitfflniugium⁰⁵⁵⁰imm¹¹⁰di⁰i⁸mt
1095 2893 1128 2950 et
1149 2881 1308 2950 bonitate
1330 2877 1474 2969 probari
1499 2903 1573 2948 non
1597 2877 1811 2948 dubitamus.
1869 2873 1967 2964 Quid
1988 2873 2087 2943 enim

72 2943 102 3010 td
123 2957 195 3061 est,
219 2966 331 3034 genus
357 2957 469 3022 vitae,
497 2957 565 3060 ,aut
586 2967 659 3064 nop
682 2945 822 3035 placens
847 2945 946 3062 Dep,
988 2959 1050 3016 ³¹¹¹
1095 2997 1155 3053 aut
1170 2977 1353 3052 honestius
1369 2991 1430 3050 aut
1451 2979 1665 3072 reipublicae
1687 2979 1810 3050 utilius
1826 2988 1897 3060 est,
1931 2987 2088 3071 quamet

72 3047 220 3136 (ΝΟΜ
236 3045 386 3136 placem
412 3040 524 3115 Addst
537 3045 701 3135 amphm’
724 3041 821 3117 hum
837 3047 1049 3116 ⁰⁰e¹¹b⁰¹⁰¹¹¹
1095 3083 1261 3173 coniuges
1275 3105 1356 3172 erga
1370 3080 1516 3152 maritos
1532 3097 1567 3152 et
1581 3095 1708 3151 matres
1725 3103 1805 3170 erga
1820 3079 1952 3147 liberos
1968 3077 2018 3146 sic
2033 3075 2089 3145 ai-

72 3167 134 3212 ⁸⁸⁵²
147 3169 313 3217 ⁰¹¹¹⁰¹⁸¹¹⁰
327 3143 462 3214 ‘unum
477 3142 562 3228 Μ’
589 3159 623 3216 et
638 3147 781 3240 ΨΜ
799 3169 974 3218 mmmm
990 3172 1050 3217 ⁰³*
1094 3185 1202 3253 sectos
1224 3207 1315 3264 esse,
1348 3196 1388 3252 ut
1407 3181 1552 3252 illorum
1569 3183 1718 3252 salutem
1732 3181 1803 3251 vita
1825 3202 1888 3249 sua
1911 3179 2088 3270 potiorem

74 3246 157 3330 dini,
186 3261 227 3318 nt
247 3246 318 3338 ipsi
333 3245 541 3339 loquuntur.
592 3245 711 3340 Atque
726 3249 924 3342 exemplum
942 3245 1051 3318 hniffi
1095 3285 1251 3355 ducant?
1283 3280 1441 3354 Tametsi
1458 3284 1661 3374 nobisipsis
1676 3307 1750 3352 non
1766 3281 1882 3353 solum
1899 3277 2037 3350 maritis
2052 3289 2088 3348 et

74 3345 147 3516 {9²3ss
162 3347 409 3474 mpltipueiter
424 3361 540 3468 ¹¹⁰⁰ft’
564 3349 1049 3472 ωῃῇωὸἷωωῗῧέθελὟ
1095 3387 1217 3457 liberis
1232 3385 1362 3470 nostris
1377 3398 1437 3456 tua
1451 3410 1546 3456 arma
1556 3381 1750 3471 minantur,
1771 3381 1831 3454 sed
1846 3383 1951 3453 nobis
1966 3393 2088 3450 nostra

100 3469 270 3540 proeesse,
297 3464 339 3520 ut
353 3464 573 3544 tyrannicam
589 3475 852 3544 persuasionem
869 3475 907 3522 ru
923 3451 1049 3523 Ponti-

75 3547 200 3638 ficibus,
231 3551 294 3646 qui
318 3565 463 3642 proptor
483 3545 551 3622 hoc
574 3555 771 3646 exemplum
793 3567 920 3646 putant
935 3577 971 3624 se
994 3552 1050 3622 ius

76 3641 189 3722 babere
211 3655 393 3724 condendi
412 3654 504 3742 leges
524 3677 589 3724 suo
607 3655 782 3725 arbitrio.-
816 3651 893 3725 Hos
914 3675 1050 3724 errores
1082 3671 1086 3682 “

76 3745 105 3816 in
119 3747 271 3824 Ecclesia
288 3755 440 3826 refutare
458 3778 598 3825 necesse
615 3768 686 3840 est,
709 3769 749 3825 ut
762 3755 836 3824 veri
854 3757 970 3826 cultus
981 3754 1050 3827 Dei

77 3863 178 3924 extent
192 3854 379 3936 illustrati,
404 3868 440 3926 et
453 3855 676 3926 conscientiis
691 3856 760 3948 piis
775 3857 991 3931 consulatur.

159 2637 317 2730 Imponit
333 2629 554 2724 servitutem,
584 2661 674 2732 quae
694 2639 770 2709 sine
785 2640 936 2732 peccatis
951 2653 1048 2710 atro-

1095 3489 1166 3559 vita
1181 3483 1273 3557 nihil
1292 3510 1382 3580 opus
1397 3499 1449 3557 est
1461 3487 1596 3556 amissis
1612 3486 1748 3556 maritis
1765 3509 1805 3556 ac
1820 3483 1953 3554 liberis.
2001 3479 2089 3554 ldeo

1095 3607 1149 3670 te,
1180 3587 1328 3668 Caesar,
1360 3612 1424 3679 per
1446 3603 1548 3658 tunm
1574 3589 1791 3674 bonitatem,
1834 3610 1897 3676 per
1920 3607 2088 3668 amorem,

1094 3715 1166 3785 quo
1182 3703 1217 3760 et
1234 3689 1421 3780 coniugem
1441 3703 1474 3759 et
1489 3690 1620 3759 liberos
1636 3689 1893 3782 complecteris,
1919 3701 2089 3778 pertitam

1094 3793 1217 3875 iidem,
1248 3813 1318 3882 qua
1334 3792 1561 3860 domesticam
1579 3790 1684 3859 fidem
1706 3789 1895 3877 coniugum
1918 3789 2088 3856 tuendam

514 3964 521 3978 ,
1095 3915 1168 3961 esse
1185 3891 1315 3976 sentis,
1338 3913 1497 3970 oramus,
1517 3903 1557 3960 ut
1572 3913 1638 3959 nos
1653 3889 1844 3958 clementer
1860 3887 2001 3972 audias,
2026 3889 2090 3956 de-

160 3983 284 4082 liaque
298 4001 340 4060 ut
353 3991 397 4058 ad
406 4013 561 4058 caussam
577 3989 724 4080 propius
740 3989 956 4074 accedamus,
975 3989 1049 4082 pri·
1094 4005 1276 4085 precantes
1298 4015 1365 4083 pro
1383 3987 1719 4061 salutemaritorum
1742 4013 1782 4060 ac
1804 3989 1998 4060 liberorum
2021 4011 2090 4057 no-

76 4099 159 4152 mum
174 4091 399 4160 ostendemus
414 4089 618 4180 coniugium
634 4114 707 4159 non
725 4113 881 4182 pugnare
895 4115 973 4162 cum
991 4115 1052 4160 or·
1095 4108 1271 4177 strorum,
1304 4091 1540 4186 deniquepro
1557 4104 1675 4162 nostra
1691 4090 1806 4162 etiam.
1857 4087 2002 4161 Euituit
2023 4089 2090 4158 bo-

77 4181 159 4299 dias,
184 4183 251 4262 hoe
270 4203 334 4274 est,
360 4191 465 4260 licere
480 4189 738 4277 sacerdotibus,
760 4191 904 4264 delectis
921 4191 965 4262 ad
982 4191 1051 4260 mi·
1094 4194 1205 4279 nitas,
1230 4186 1334 4292 [qua]
1352 4205 1453 4264 antea
1469 4189 1582 4278 hosti,
1608 4192 1671 4286 qui
1687 4215 1783 4262 arma
1799 4205 1950 4284 gesserat
1966 4204 2089 4264 contra

76 4289 245 4360 msterium
275 4289 462 4382 Evangelii
495 4307 530 4364 et
552 4291 880 4378 Sacramentorum,
920 4289 1050 4364 habere
1095 4307 1178 4367 teet
1195 4295 1400 4385 dignitatem
1416 4307 1533 4378 tuam,
1566 4293 1766 4390 pepercisti.
1816 4291 1912 4365 Huic
1927 4307 2008 4365 tuae
2023 4295 2090 4364 bo-

76 4387 239 4478 coniuges.
290 4391 330 4462 ld
348 4407 495 4466 testatur
508 4391 660 4480 Paulus,
686 4396 802 4490 quiin
821 4397 958 4466 duabus
976 4393 1051 4488 epi·
1095 4397 1201 4466 nitati
1217 4397 1366 4465 minime
1381 4397 1565 4480 convenit,
1587 4396 1768 4466 duriorem
1784 4409 1819 4465 te
1835 4419 1907 4468 esse
1921 4397 2090 4464 adversus

76 4487 161 4557 stolis
176 4492 274 4566 iubet
294 4495 441 4566 maritos
462 4495 546 4586 eligi
570 4497 614 4566 ad
635 4519 766 4568 munus
787 4491 971 4589 Episcopi:
1003 4491 1052 4567 Et
1096 4500 1248 4568 inermes
1265 4497 1440 4589 supplices
1459 4497 1644 4582 mulieres,
1669 4521 1796 4589 parvos
1812 4519 1959 4586 pueros,
1985 4495 2089 4563 deni-

77 4603 197 4662 constat
211 4595 249 4666 iu
265 4608 336 4667 tota
352 4597 462 4667 veteri
476 4595 633 4668 Ecclesia
654 4595 775 4668 multis
790 4599 916 4668 seculis
938 4621 1050 4668 sacer·
1096 4624 1164 4696 qne
1180 4599 1346 4670 adversus
1362 4621 1441 4684 eos,
1477 4600 1540 4694 qui
1563 4623 1747 4692 nunquam
1768 4597 1841 4667 ulla
1856 4599 1895 4665 in
1912 4620 1949 4664 re
1970 4595 2091 4686 digni-

77 4685 165 4758 dotes
183 4695 288 4768 fuisse
313 4699 482 4784 maritos,
511 4725 550 4770 ac
566 4713 716 4770 veterem
740 4723 874 4768 morem
898 4697 1052 4770 Graecas
1096 4715 1203 4773 tatem
1237 4705 1331 4770 tuam
1356 4713 1625 4793 oppugnarunt,
1666 4723 1850 4794 nunquam
1875 4697 2091 4789 reipublicae

77 4777 533 4874 Ecclesiosadbucretinere.
560 4795 1051 4872 Porrontnaturahominum
1096 4802 1388 4896 tranquillitatem
1421 4804 1695 4894 perturbarunt,
1729 4801 1819 4880 imo,
1852 4797 1915 4892 qui
1939 4797 2091 4870 assiduis

78 4892 229 5003 emetiris
245 4901 355 4970 estad
372 4903 672 4992 superstitionem:
699 4902 810 4992 Saepe
828 4903 932 4974 ctiam
950 4914 1052 4972 vetu-
1096 4903 1258 4996 precibus
1277 4928 1295 4972 a
1312 4903 1392 4973 Deo
1417 4917 1452 4976 et
1470 4903 1748 4974 incolumitatem
1774 4923 1814 4970 ac
1830 4900 2032 4970 felicitatem
2055 4913 2090 4970 et

78 4997 129 5104 tlts
144 4991 210 5064 illis
232 5003 451 5095 temporibus
473 5006 586 5074 exorti
609 5019 691 5076 sunt
714 5003 858 5075 fanatici
877 4999 1051 5088 homines,
1100 5003 1314 5096 reipublicae
1337 5025 1459 5096 pacem
1478 5007 1680 5097 exposcunt.
1734 4997 1935 5072 Hortantur
1955 5012 1989 5072 te
2009 5003 2092 5097 qui-

78 5098 298 5202 sprontugta
315 5108 537 5177 sacerdotum
554 5106 812 5198 improbarunt.
846 5103 887 5176 In
904 5104 1050 5200 Synodo
1097 5109 1176 5176 dem
1192 5100 1354 5175 homines
1370 5107 1529 5176 crudeles
1544 5119 1576 5174 et
1598 5101 1716 5197 impii,
1751 5117 1791 5172 nt
1807 5117 1948 5172 nostros
1965 5104 2093 5174 coniu-

77 5177 212 5312 Nrcaepa
229 5212 355 5290 erant,
390 5207 454 5301 qui
477 5209 645 5280 volebant
669 5209 847 5276 decretum
871 5207 968 5287 lieri,
1006 5231 1052 5275 ne
1095 5231 1174 5298 ges,
1206 5231 1271 5276 uos
1292 5231 1331 5276 ac
1349 5207 1480 5277 liberos
1499 5219 1656 5291 nostros,
1688 5204 1749 5298 qui
1770 5198 1943 5276 hactenus
1962 5227 2092 5294 magno

78 5303 840 5380 manneaeerdotesuterenrnrconsuetudine
850 5310 1052 5398 coniugum,
1096 5333 1161 5379 suo
1184 5309 1342 5400 periculo
1367 5308 1471 5377 nobis
1494 5303 1686 5397 hospitium
1705 5307 1963 5397 praebuerunt,
1997 5302 2093 5374 lerro

78 5390 127 5455 ted
143 5403 289 5512 graviter
303 5411 502 5500 repudiavit
519 5405 586 5481 hoc
600 5409 766 5480 delirium
775 5407 963 5503 Synorlus,
988 5412 1049 5479 arl-
1098 5424 1203 5502 atque
1220 5411 1327 5480 armis
1343 5409 1470 5477 deleas.
1521 5406 1619 5498 Quid
1642 5421 1759 5478 autem
1775 5405 1959 5506 indignius
1975 5405 2093 5490 suerit,

76 5501 195 5570 ¹¹¹⁰¹¹¹l³
217 5527 237 5572 a
260 5509 318 5598 pio
341 5511 539 5582 confessore
563 5505 785 5605 paphnutio,
823 5511 886 5603 qui
908 5511 1051 5603 nuptias
1099 5509 1247 5592 Cacsar,
1279 5523 1340 5581 tua
1356 5509 1534 5596 bonitate,
1565 5533 1671 5604 quam
1688 5508 1892 5578 ministrum
1908 5519 1943 5577 te
1958 5505 2094 5578 alienas
