4754 6260
96 283 169 362 226
680 279 1120 374 EPISTOLARUM
1176 280 1286 360 [ΑΒ.
1318 281 1364 362 Χ.
1417 283 1552 362 1546.
2058 299 2135 374 226

97 476 189 528 meas
205 479 248 528 ex
262 457 428 530 manibus
442 456 530 530 meis
545 480 679 552 rapere·
729 454 807 530 Hac
822 479 905 528 vcra
919 479 986 528 nos
1000 477 1087 526 con·
1140 467 1241 528 tuum
1261 455 1446 528 excitanda
1465 473 1526 532 est.
1581 459 1741 551 Deinde,
1772 491 1852 540 cnm
1874 468 2038 550 homines
2059 497 2133 544 non

98 559 271 650 solatione
289 560 539 632 confirmemus
561 573 596 631 et
611 572 790 654 petamus,
815 573 851 634 et
865 570 1087 652 expectemus
1139 571 1277 631 tanturn
1304 560 1466 632 doctrina
1495 577 1681 654 regantur,
1719 571 1780 639 sed
1810 597 2005 664 poenarum
2034 600 2131 657 metu

97 661 350 753 protectionem
370 665 415 734 ab
437 662 515 755 ipso
536 661 649 734 Fato
661 659 757 747 Det,
788 673 823 754 et
841 673 1022 754 petamus,
1046 672 1089 730 ut
1140 654 1353 732 cohercendi
1381 663 1471 749 sint,
1510 665 1679 758 imposuit
1701 670 1801 742 Deus
1828 683 1947 765 generi
1974 679 2129 758 humano

96 763 202 834 leniat
216 767 360 857 poenas.
410 759 560 850 Adhuc,
586 765 657 836 Dei
670 763 861 850 beneficio,
886 763 1003 834 studia
1020 762 1088 831 do·
1139 763 1373 852 magistratus,
1390 779 1431 835 ut
1444 759 1552 837 buius
1566 791 1650 840 suae
1664 771 1750 864 legis
1765 774 1954 852 violatores
1969 791 2131 878 puniant.

97 864 290 936 ctrinarum
312 859 372 935 hic
392 866 585 938 mediocria
608 877 701 940 sunt.
757 857 968 935 laurentio
991 885 1088 934 com-
1138 857 1217 935 Etsi
1232 864 1329 936 enim
1345 879 1380 936 ct
1397 864 1492 938 Deus
1509 868 1584 960 ipse
1600 871 1729 944 vindex
1747 890 1797 946 cst
1812 897 2007 957 conterritae
2024 886 2130 964 huius

96 967 261 1038 mendavi
276 959 445 1054 Lucam,
476 967 713 1038 erudiendum
734 969 773 1039 in
793 968 935 1058 linguae
956 965 1087 1037 latinae
1139 973 1296 1052 normae,
1311 977 1436 1040 'tamen
1451 970 1612 1044 adiunxit
1626 974 1695 1052 sibi
1710 979 1942 1072 magistratus,
1965 1013 2028 1079 per
2041 1019 2131 1088 quos

97 1070 286 1155 exercitiis,
325 1082 360 1140 ct
394 1067 701 1155 institutionibus,
743 1084 780 1142 et
811 1070 852 1138 in
883 1065 1085 1140 Dialectica.
1140 1068 1265 1161 exequi
1282 1092 1411 1160 poenas
1425 1071 1634 1167 plerumque
1649 1078 1773 1150 voluit.
1814 1082 2131 1166 PunitDeusArr-

98 1169 183 1243 Vult
204 1187 240 1243 et
254 1171 348 1242 lilius
364 1164 546 1243 Mimosl
562 1171 684 1244 audire
700 1169 965 1256 institutiones,
990 1171 1087 1264 quod
1138 1170 1236 1238 ionii
1255 1171 1424 1242 libidines
1447 1188 1481 1245 et
1503 1176 1753 1267 ambitionem,
1779 1187 1838 1254 scd
1855 1191 1959 1278 punit
1973 1220 2035 1288 per
2051 1195 2129 1268 Au-

96 1269 184 1343 mihi
204 1297 281 1344 nou
296 1273 472 1366 displicet.
512 1274 592 1346 ’Sed
610 1275 772 1345 nondum
789 1273 951 1360 exercitia
968 1267 1087 1363 philo·
1136 1279 1299 1364 gustum.
1354 1271 1428 1344 Nec
1456 1276 1646 1348 obscurum
1673 1297 1741 1366 εει,
1772 1286 1883 1376 legem
1907 1294 1984 1366 sine
2005 1303 2130 1390 poeuis

96 1370 239 1468 sophica
262 1375 412 1452 omittat.
470 1375 512 1450 si
533 1377 601 1447 erit
624 1377 777 1462 bellurn,
808 1377 880 1448 nisi
900 1396 1087 1469 oppressus
1139 1374 1282 1444 inanem
1312 1375 1469 1446 sonitum
1497 1378 1621 1449 videri.
1680 1383 1801 1472 Quare
1823 1404 1859 1460 et
1880 1395 2014 1467 dictum
2038 1403 2128 1475 illud

95 1477 193 1546 fuero
219 1476 307 1548 belli
326 1479 491 1566 saevitia,
525 1477 640 1570 cogito
664 1478 837 1570 proficisci
860 1479 899 1548 in
920 1476 1087 1548 Patriam.
1139 1471 1327 1546 Aeschinis
1353 1480 1650 1570 adco'probatum
1665 1499 1733 1572 est,
1768 1503 1807 1560 ut
1822 1489 2076 1574 Demosthenes
2092 1506 2130 1576 in

95 1573 141 1648 Et
154 1579 346 1652 clementer
360 1581 406 1654 ad
424 1605 482 1653 me
496 1579 634 1672 scripsit
649 1603 755 1650 senex
769 1578 962 1660 Palatinus.
1007 1573 1086 1649 Oro
1138 1599 1237 1648 suam
1251 1579 1429 1677 quandam
1441 1581 1637 1654 orationem
1648 1591 1885 1666 transtulerit:
1909 1595 2022 1675 οὐδὲν
2030 1603 2131 1680 ἐστὶν

95 1677 333 1764 Ffflumlnei,
359 1695 400 1752 ut
414 1709 483 1754 vox
498 1696 532 1754 et
549 1695 683 1752 vestros
698 1695 880 1775 protegat,
906 1695 940 1754 et
957 1681 1086 1752 confir·
1138 1677 1270 1776 ὄφελος
1290 1673 1428 1763 πόλεως
1438 1679 1518 1776 ἥτις
1531 1680 1584 1778 μὴ
1600 1690 1716 1783 νεῦρα
1733 1688 1791 1764 ἐπὶ
1802 1693 1890 1778 τούς
1905 1695 2130 1792 ἀδικοῦντας

97 1795 164 1854 ruet
189 1783 293 1856 vobis
315 1783 430 1854 animi
451 1800 486 1858 et
503 1784 664 1878 corporis
684 1784 788 1860 vires.
844 1781 942 1856 Bene
962 1783 1086 1854 valete.
1138 1778 1231 1873 ἔχει,
1257 1775 1353 1866 nihil
1371 1784 1488 1856 valere
1504 1786 1698 1860 civitatem:
1725 1817 1814 1886 quae
1831 1822 1964 1874 nervos
1976 1829 2050 1878 non
2067 1807 2130 1883 ha-

95 1879 160 1954 Die
175 1881 237 1956 51,
252 1882 415 1978 Augusti,
496 1906 498 1919 ·
1138 1883 1199 1954 bet
1219 1885 1387 1956 adversus
1402 1886 1631 1964 facinorosos.
1684 1891 1805 1982 Quare
1819 1915 1860 1972 ur
1872 1920 1990 1978 sontes
2005 1914 2131 1986 ordine

837 1983 1037 2081 Philippus.
1138 1984 1179 2055 in
1191 1985 1324 2056 iudicia
1336 1987 1456 2057 vocari
1470 2005 1624 2082 possent,
1638 1995 1834 2070 criminum
1849 2009 2132 2086 nominadistri-
2170 2087 2175 2092 ,

1140 2088 1226 2158 buta
1247 2102 1350 2174 sunt,
1383 2101 1419 2160 et
1440 2095 1723 2168 accommodatae
1745 2106 2007 2180 accusationum
2026 2131 2132 2212 atque

1140 2189 1321 2261 actionum
1340 2192 1487 2265 lormae.
1540 2193 1650 2265 Nervi
1668 2214 1752 2272 sunt
1772 2203 1882 2293 igitur
1902 2225 1936 2282 et
1957 2213 2073 2305 legum
2097 2236 2133 2292 et

1139 2291 1248 2364 totius
1277 2285 1455 2364 humanae
1486 2295 1662 2369 societatis
1696 2301 1793 2395 ipsae
1827 2315 2065 2389 accusationes
2099 2337 2133 2394 et
2252 2355 2257 2363 ·

95 2369 160 2447 No.
175 2371 291 2448 3549.
686 2421 695 2429 -
937 2391 967 2451 1·
983 2377 1087 2464 septb.
1141 2393 1307 2464 actiones.
1359 2391 1467 2484 Quod
1481 2421 1562 2466 cum
1577 2398 1627 2470 ita
1643 2403 1700 2488 sit,
1724 2429 1798 2477 non
1814 2412 1929 2482 solum
1942 2410 2011 2490 hoc
2026 2422 2132 2495 intel-

95 2471 303 2509 wa...
917 2471 1087 2498 w„

1141 2493 1204 2584 ligi
1222 2507 1356 2587 potest,
1385 2519 1550 2586 magnam
1567 2523 1642 2571 csse
1657 2505 1731 2574 vim
1749 2521 1785 2579 ct
1798 2511 2005 2602 dignitatem
2022 2526 2133 2596 actio-

410 2555 560 2639 Ioach.
581 2553 770 2644 Mollem·
1141 2619 1246 2682 num,
1271 2599 1332 2667 sed
1353 2597 1458 2668 etiam
1474 2602 1703 2693 perspicitur,
1729 2628 1874 2703 propter
1886 2621 2041 2694 actiones
2056 2651 2132 2698 ma·

160 2676 302 2768 Praefatio
313 2713 342 2768 in
354 2713 469 2770 libruma
487 2713 604 2770 Collatio
615 2712 753 2770 actionum
766 2701 918 2768 serendum
935 2713 1087 2770 Atticarum
1139 2697 1232 2769 xime
1264 2697 1447 2790 impositos
1475 2723 1548 2770 esse
1577 2708 1698 2793 generi
1720 2704 1877 2788 humano
1901 2725 2134 2818 magistratus,

195 2779 447 2920 bitttffitb
470 2781 1087 2924 'sititis'pllt‘l'lltdtitittsz
1139 2800 1214 2894 ‘1¹¹³’
1239 2824 1320 2871 ‘⁰¹¹¹
1334 2802 1636 2894 V⁰⁰²¹¹¹¹¹¹¹⁰8¹¹¹¹¹
1651 2812 1823 2902 custodes,
1849 2843 1923 2890 non
1937 2847 1978 2895 eo
1995 2839 2133 2902 tantum

196 2919 360 2992 medegia,
383 2920 462 2976 citata
480 2921 854 2988 aDemostbenedecausir,
878 2920 1087 2992 qmeadleruot
1139 2903 1189 2972 Sic
1211 2901 1455 2996 &ppeliassim'a
1484 2908 1582 3000 qll⁰d
1601 2912 1818 3003 ἀῦῑῑΐὶὓὸῐῦ,
1849 2937 1983 3015 sepiam
2000 2929 2133 3005 biblio·
2195 2971 2199 2976 ·

196 2985 1086 3144 33:¹2?AEprgp322533222322503155‘5253¹¹ss,Mgg
1138 2999 1249 3076 thecis
1270 3006 1832 3140 curatum,··sea·quoap0so·a
1848 3028 2031 3146 suenrus
2048 3059 2134 3126 poe.

196 3125 305 3196 Lipsiae
324 3128 352 3180 lu
371 3127 535 3184 Bibliotheca
554 3127 685 3193 Senatus,
711 3128 873 3198 descripsit]
897 3161 933 3174 --
973 3129 1087 3184 tooruti
1139 3130 1267 3179 narum
1297 3132 1429 3178 clvtum
1458 3132 1596 3182 ammos
1623 3117 1669 3184 ad
1694 3131 1838 3192 vlriuits
1859 3127 1974 3200 officta
1997 3154 2132 3226 cogant.

194 3193 328 3249 seriorem
344 3196 509 3265 editionem,
526 3215 594 3269 ‘1¹¹³‘
607 3196 709 3270 twdll
723 3195 845 3252 Witteb.
862 3197 939 3252 ¹⁵5¹·
958 3199 983 3252 ⁸·
1138 3205 1193 3279 Ac
1213 3209 1258 3280 de
1279 3209 1364 3302 ipsis
1379 3210 1579 3286 actionibus
1595 3231 1714 3316 postea
1730 3223 1833 3312 plura
1850 3229 1976 3302 dicam.
2028 3236 2132 3316 Prius

94 3339 319 3430 Eruditionc
359 3366 391 3427 ct
430 3357 560 3428 virtute
595 3357 807 3454 praestanti
845 3353 874 3428 I
877 3353 1086 3432 oachimo
1138 3310 1235 3381 enim
1263 3324 1297 3382 et
1319 3312 1462 3384 ternum
1485 3339 1617 3387 ΝΜ
1639 3323 1908 3412 m³35⁵¹f³¹¹¹¹1ffl
1930 3337 2131 3411 addendum

94 3457 145 3532 M
152 3459 292 3547 oller,
316 3457 613 3555 Hamburgcrrsi,
638 3460 757 3531 amico
772 3485 860 3547 stru,
883 3457 1086 3561 Philippus
1138 3409 1490 3587 ffinaffgsgemcisoe
1513 3432 1565 3489 εει
1585 3419 1701 3510 legum
1719 3430 1881 3552 ⁰m⁰ii¹m
1895 3435 1934 3504 in
1950 3443 2047 3510 ⁰¹⁰¹¹i
2067 3466 2132 3533 δη·

413 3557 642 3635 Melantho„
656 3559 697 3639 S·
710 3559 766 3636 D·
1372 3541 1505 3608 primas
1527 3543 1600 3590 esse
1614 3546 1692 3605 eas,
1717 3553 1807 3622 quae
1823 3558 1863 3602 1n
1879 3537 2043 3631 decalogo
2060 3559 2132 3616 rra.

1140 3621 1295 3702 duntur,
1338 3618 1459 3689 dextre
1478 3621 1691 3695 intellectas:
1728 3643 1845 3703 tamen
1868 3643 2131 3730 magistratibus

93 3695 179 3788 Una
213 3731 266 3787 est
298 3717 354 3785 lex
382 3712 569 3806 praecipua
601 3713 730 3786 rectrix
760 3713 853 3784 vitae
888 3709 1087 3802 hominurn,
1139 3721 1238 3791 dedit
1256 3721 1423 3790 mandata
1440 3720 1559 3808 Deus,
1590 3740 1630 3797 ut
1645 3727 1713 3818 ipsi
1732 3731 1824 3822 leges
1836 3738 1971 3842 aliquas
1986 3747 2131 3832 addant,

93 3844 182 3914 quae
213 3832 267 3890 est
299 3831 441 3888 aeterna
474 3816 647 3908 sapientia
675 3816 715 3886 in
747 3828 864 3886 mente
894 3816 1017 3888 divina
1053 3831 1087 3887 et
1138 3825 1198 3895 sed
1222 3835 1455 3910 congruentes
1480 3848 1561 3894 curn
1579 3828 1765 3922 decalogo,
1792 3861 1882 3929 qrrae
1905 3844 2042 3938 aliquas
2061 3852 2131 3918 cir-

94 3923 241 3992 immota
270 3918 427 3990 iusticias
457 3918 597 4008 regula,
635 3941 743 4012 quam
771 3929 806 3988 ct
834 3916 873 3986 in
898 3911 1084 3992 hominum
1139 3923 1584 4016 cumstantiasantspecies
1601 3931 1785 4020 explicent.
1824 3937 1896 4010 Lex
1912 3933 2032 4020 divina
2049 3973 2131 4021 san-

93 4037 230 4094 mentcs
249 4023 350 4094 Deus
370 4019 579 4104 transfudit,
611 4032 646 4089 et
667 4020 782 4090 lucem
801 4041 874 4089 csse
890 4019 1004 4090 voluit
1019 4046 1086 4090 no·
1139 4025 1186 4094 cit
1201 4026 1240 4094 in
1256 4047 1381 4114 genere
1399 4024 1664 4098 distinctionem
1681 4035 1943 4133 dominiorum,
1969 4073 2049 4120 cum
2066 4055 2130 4124 ³513

91 4127 230 4198 biscum
246 4137 466 4208 nascentem,
491 4135 526 4194 et
539 4135 660 4214 postea
674 4123 718 4202 de
736 4145 824 4213 rupe
837 4120 985 4193 Sinaide
1001 4122 1087 4194 illu·
1138 4125 1417 4198 Nonsuraberis.
1470 4125 1539 4198 Hic
1553 4127 1732 4220 legislator
1746 4143 1871 4214 modos
1885 4150 2025 4238 recitat,
2050 4159 2131 4248 qui-

91 4231 154 4300 stri
170 4225 376 4300 testimonio
391 4225 641 4316 promulgavit,
663 4237 703 4294 ut
719 4223 889 4294 sciremus
900 4247 979 4294 eam
993 4225 1086 4296 vitae
1139 4231 1205 4300 bus
1229 4251 1284 4298 res
1306 4228 1347 4297 fit
1368 4229 1647 4326 uniuscuiusque
1670 4242 1831 4331 propria,
1871 4255 2025 4325 ostendit
2045 4281 2131 4328 con.

91 4355 256 4404 normam
270 4352 351 4398 vere
366 4327 525 4398 divinam
540 4349 624 4399 csse.
669 4323 926 4417 Haclegecum
942 4327 1016 4416 regi
1032 4327 1085 4395 vi·
1137 4343 1316 4401 tractuum
1346 4329 1497 4416 formas,
1536 4347 1570 4404 et
1601 4339 1745 4429 quando
1772 4346 2045 4426 existimandum
2072 4363 2128 4440 sit,

91 4449 162 4508 tarn
188 4433 293 4504 Deus
322 4431 426 4514 velit,
466 4453 555 4522 quae
578 4442 706 4499 natura
733 4427 829 4498 lucet
856 4426 896 4496 in
923 4428 1083 4499 omnium
1138 4433 1329 4524 perlectum
1350 4454 1423 4500 csse
1446 4429 1683 4527 confractum,
1708 4449 1851 4537 quando
1876 4453 2129 4546 imperfectum.

89 4535 292 4616 mentibus,
328 4531 453 4625 quaeri
478 4532 568 4602 solet
593 4533 638 4598 de
663 4529 931 4620 magistratuum
957 4530 1084 4603 officio.
1139 4533 1180 4605 ln
1205 4533 1336 4626 quibus
1352 4534 1645 4624 explicationibus
1662 4546 1753 4616 valet
1769 4553 2033 4638 magistratuum
2050 4585 2130 4630 sen-

89 4635 183 4710 Cum
213 4635 311 4706 enim
341 4635 396 4704 lex
426 4647 528 4703 autea
549 4631 722 4703 divinitus
744 4631 816 4702 lata
837 4631 901 4718 sit,
938 4645 972 4702 et
993 4633 1084 4702 serre
1136 4637 1246 4708 tentia
1270 4646 1304 4703 et
1325 4647 1470 4728 propper
1490 4640 1663 4712 ,ationem
1691 4649 1929 4740 probabilem,
1961 4641 2134 4754 decalogo.

88 4741 178 4811 alias
205 4738 452 4810 dissentientes
476 4735 638 4804 omnium
659 4733 831 4803 scelerum
852 4745 1030 4804 summum
1052 4747 1085 4803 et
1137 4749 1402 4826 congruentem,
1424 4751 1458 4809 et
1474 4757 1618 4834 propter
1630 4749 1884 4840 auctoritatem,
1908 4783 2013 4850 qrram
2028 4763 2128 4836 Deus

89 4839 352 4914 atrocissimum
368 4837 422 4922 sit,
439 4851 473 4908 et
485 4832 571 4905 haec
586 4836 660 4928 ipsa
675 4835 795 4905 divina
810 4848 894 4906 nota
908 4835 953 4904 sit
967 4836 1086 4906 omni·
1137 4838 1357 4927 magistratui
1380 4842 1561 4927 attribuit,
1594 4869 1698 4938 quem
1722 4849 1823 4922 iussit
1845 4857 1974 4930 addere
2002 4863 2040 4934 in
2062 4861 2128 4940 hac

88 4947 169 5030 bus,
191 4942 279 5036 quid
296 4954 406 5031 agunt
420 4939 460 5010 in
475 4961 560 5033 pace
576 4931 753 5009 humanae
766 4936 941 5008 societatis
956 4937 1086 5028 guber-
1138 4940 1235 5011 civili
1249 4939 1320 5010 vita
1334 4951 1411 5008 tum
1428 4943 1686 5034 explicationes,
1710 4961 1785 5020 tum
1802 4957 2016 5033 adminicula
2032 4968 2126 5037 divi.

89 5045 257 5118 naiores?
281 5041 332 5113 Hi
349 5065 432 5113 vero
448 5043 516 5112 tria
530 5062 677 5112 munera
693 5041 798 5131 plena
814 5038 1084 5130 dignitatissus-
1137 5065 1264 5112 narum
1288 5041 1417 5130 legum.
1467 5043 1561 5116 Sunt
1581 5061 1697 5118 autem
1718 5065 1753 5122 et
1775 5049 1901 5128 harum
1924 5065 2127 5157 explicatio-

89 5149 226 5218 tiucnt.'
286 5143 450 5218 Primum
472 5139 580 5214 huius
602 5141 870 5234 ipsiushprimae
893 5155 928 5214 et
948 5142 1084 5233 praeci·
1137 5169 1246 5228 num,
1273 5165 1361 5236 quas
1382 5144 1605 5232 magistratus
1622 5151 1737 5232 addit,
1769 5161 1942 5248 praesidia
1963 5169 2130 5243 actiones·

91 5275 183 5342 puae
195 5247 301 5342 legis,
325 5241 693 5334 videlicetDecalogi,
717 5267 841 5314 vocem
854 5266 914 5316 eos
931 5253 1083 5314 csse'ne-
1135 5245 1283 5318 Frustra
1306 5245 1401 5314 enim
1422 5245 1603 5334 legislator
1623 5256 1804 5346 aequalem
1825 5256 2030 5337 hereditatis
2051 5275 2125 5342 dis.

92 5376 183 5424 cesse
207 5365 272 5426 est.
303 5345 409 5440 ‚Eoi
431 5347 528 5418 enim
552 5357 679 5418 natura
702 5346 795 5418 lucet
824 5346 863 5414 in
892 5345 1082 5432 mentibus,
1134 5347 1367 5420 tributionem
1382 5347 1499 5418 verbis
1514 5354 1778 5444 praescriberet,
1796 5361 1826 5429 si
1839 5379 1957 5455 postca
1976 5393 2048 5440 non
2064 5377 2126 5444 de-

92 5469 210 5526 tamen
230 5453 295 5524 illa
314 5463 462 5522 naturae
483 5449 544 5520 lux
564 5448 726 5520 doctrina
746 5463 782 5519 et
798 5471 883 5518 voce
900 5448 1083 5538 magistra·
1135 5451 1295 5522 senderet
1337 5449 1552 5523 iudiciorum
1584 5458 1791 5532 auctoritate
1826 5487 1901 5535 eam
1933 5475 2125 5564 aequalita-

143 5563 321 5630 blacena.
336 5557 440 5626 Oen.
466 5551 621 5620 vouvt.
836 5583 840 5592 ·
1296 5547 1343 5620 15
