4774 6264
72 369 141 445 tot
638 363 1076 458 El‘lS'l'OIsARUM
1131 365 1242 443 titt.
1275 365 1325 445 x.
1376 363 1527 453 toln·
2037 371 2114 446 762

72 543 135 626 cis,
160 560 268 634 quare
283 535 433 610 studiosi
447 541 686 612 adolescentes
700 543 898 615 necessario
915 543 1063 631 avobis‚
1113 553 1294 634 optamus,
1327 563 1455 634 puram
1472 535 1661 632 Evangelii
1684 539 1884 614 doctrinam
1906 556 1941 614 et
1960 545 2112 616 salutem

71 643 128 738 qui
149 642 192 712 ad
209 639 449 732 gubernacula
466 643 680 735 reipublicae
698 646 845 730 sedetis,
870 669 972 737 opem
993 645 1062 714 im·
1110 639 1278 714 Ecclesiis
1293 644 1395 735 quasi
1409 643 1629 735 postliminio
1645 637 1900 736 omnipotentis
1914 643 1982 714 Dei
1996 646 2110 735 gratia

69 743 218 837 plorant.
270 737 340 812 Hic
356 743 560 814 adolescens
573 735 767 816 Melchior
781 740 980 816 Portunus
996 769 1061 818 na·
1111 745 1318 815 redeuntem
1350 740 1520 816 Ecclesiis
1551 745 1687 838 ubique
1719 745 1939 830 conservari,
1978 747 2108 818 merito

69 859 123 917 tus
145 857 195 915 est
217 841 256 912 in
280 843 418 914 ditione
439 843 613 938 priucipis
633 843 1005 942 Brandenburgensis‚
1028 859 1062 919 et
1108 846 1251 937 piorum
1266 840 1454 916 hominum
1468 845 1697 916 miseratione
1711 846 1896 916 allicimur.
1919 843 2108 918 Deberem

69 939 154 1016 mihi
178 941 323 1040 quidem
347 945 488 1016 videtur
509 945 653 1036 ingenio
681 969 754 1017 esse
775 949 935 1022 modesto
958 958 994 1019 et
1015 949 1060 1020 ad
1110 947 1205 1014 enim
1236 947 1304 1038 piis
1332 947 1497 1040 lacrymis
1520 957 1637 1017 tantae
1661 969 1850 1018 aerumnae
1877 961 1911 1018 et
1932 947 2109 1042 lacrymae

69 1048 182 1118 literas
199 1045 282 1114 satis
300 1059 394 1138 apto.
452 1043 591 1116 Placuit
606 1041 697 1118 mihi
712 1061 746 1120 ct
759 1071 871 1140 genus
888 1049 1060 1122 orationis
1110 1071 1251 1132 eorum,
1285 1047 1348 1140 qui
1382 1050 1429 1118 ob
1462 1048 1645 1120 veritatem
1680 1044 1872 1138 Evangelii
1903 1061 2107 1136 gravantur,

68 1160 99 1218 et
115 1146 362 1240 pronunciatio
379 1145 500 1238 ipsius.
535 1141 655 1219 Habet
669 1163 785 1220 autem
802 1152 857 1222 ius
872 1149 1059 1222 sacerdotii
1109 1173 1215 1242 quam
1231 1149 1383 1218 maxime
1401 1149 1500 1218 cordi
1522 1171 1607 1219 esse.
1657 1145 1748 1219 Cum
1770 1150 1890 1241 itaque
1910 1149 2106 1220 audivisse-

67 1247 246 1319 cuiusdam
266 1247 305 1314 in
322 1243 452 1318 Ulsna:
478 1247 538 1318 sed
561 1248 684 1320 rustici
705 1243 836 1322 horum
859 1265 1057 1344 temporum
1107 1273 1205 1329 mus,
1239 1249 1405 1319 mandato
1426 1247 1584 1321 Romani
1607 1248 1791 1319 Pontificio
1812 1250 2007 1319 nonnullos
2027 1253 2107 1343 pios

66 1346 204 1420 barbari
218 1371 292 1418 non
308 1345 452 1420 solvunt
467 1349 621 1437 reditus,
650 1363 684 1424 et
699 1351 833 1425 reditus
848 1354 999 1426 maxima
1016 1377 1057 1424 ex
1107 1351 1214 1436 viros,
1240 1351 1445 1439 praesertim
1460 1371 1545 1420 vero
1562 1353 1751 1443 quendam,
1773 1351 1919 1420 nomine
1932 1346 2106 1420 Baldsm

65 1465 158 1542 parte
175 1449 389 1520 debentura
411 1451 565 1522 subditis
581 1449 821 1530 Marchionis.'
866 1449 985 1524 Habes
1002 1469 1057 1526 to·
1106 1444 1324 1547 Lupedeim,
1350 1445 1532 1520 hominem
1550 1451 1720 1539 singulari
1742 1451 1872 1542 pietate
1889 1464 1922 1522 et
1941 1453 2106 1524 doctrine

65 1566 131 1621 tarn
154 1546 247 1622 hauc
262 1569 413 1624 causam.
463 1547 569 1622 Nunc
585 1564 618 1623 te
635 1578 698 1624 oro
715 1577 779 1646 per
797 1546 1056 1626 humanitatem
1109 1554 1329 1643 praeditum,
1361 1546 1455 1643 opud
1469 1568 1535 1622 vos
1552 1575 1694 1648 quoque
1709 1552 1832 1642 capitis
1847 1554 2108 1643 propemodum

64 1666 175 1738 tuam,
210 1665 251 1724 ut
279 1648 544 1738 scholasticum,
577 1655 640 1747 qui
669 1657 800 1728 bonam
824 1659 869 1730 de
896 1681 931 1728 se
957 1681 1054 1749 spem
1106 1655 1266 1744 periculo
1282 1655 1568 1737 accersitum‚¹et
1582 1655 1622 1722 in
1641 1653 1783 1722 vincola
1804 1653 2001 1724 coniectum
2018 1675 2103 1740 esse,

64 1755 220 1844 praebet,
246 1753 410 1838 adiuves,
435 1777 476 1823 ac
493 1755 668 1845 perficias,
693 1769 733 1826 ut
747 1760 934 1828 autoritate
955 1760 1055 1849 prin·
1105 1777 1257 1848 eumque
1272 1749 1387 1824 adhuc
1399 1753 1569 1825 detineri:
1592 1756 1758 1824 duximus
1769 1751 1876 1823 officii
1890 1755 2003 1824 nostri
2019 1774 2104 1842 esse,

63 1855 145 1946 cipis
159 1867 333 1944 cogantur
346 1854 469 1924 rustici
484 1856 527 1924 ad
544 1857 731 1947 pensiones
748 1858 946 1932 solvendas.
973 1857 1055 1932 Non
1104 1878 1171 1949 pro
1186 1881 1227 1924 eo
1245 1871 1279 1930 et
1296 1879 1361 1948 pro
1380 1855 1461 1928 aliis
1477 1855 1546 1945 piis
1563 1849 1771 1927 bominibus
1793 1855 1903 1924 literis
1919 1867 1954 1927 et
1974 1858 2102 1948 depre-

63 1956 203 2036 dubito,
232 1955 320 2124 ‹yuin
345 1979 411 2046 pro
443 1969 502 2028 tua
526 1958 721 2048 praestanti
746 1959 877 2032 virtute
902 1961 1057 2030 libenter
1104 1957 1305 2031 rationibus
1321 1957 1451 2030 nostris
1467 1958 1697 2032 intercedere.
1747 1953 1882 2026 Demus
1899 1979 1983 2046 ergo
2005 1959 2101 2028 etad

61 2057 187 2128 tuearis
199 2079 235 2126 sc
263 2058 447 2142 olasticos,
473 2069 507 2128 et
524 2053 583 2127 h‘ie
600 2059 739 2129 iuvenis
755 2061 896 2133 nullum
918 2087 1053 2132 novum
1104 2053 1309 2128 Amicitiam
1332 2073 1485 2128 vestram
1509 2070 1544 2128 et
1566 2060 1609 2126 ad
1638 2082 1701 2126 vos
1723 2051 1826 2126 hasce
1848 2057 1987 2142 literas,
2012 2081 2101 2151 quas

61 2181 189 2228 munus
223 2157 323 2247 petit.
373 2157 575 2229 Autoritate
605 2182 662 2230 res
688 2161 807 2252 perlici
840 2177 974 2253 potest,
1007 2187 1053 2231 ne
1103 2171 1227 2228 nostro
1244 2172 1278 2228 et
1297 2158 1451 2228 aliorum
1467 2159 1505 2226 in
1521 2181 1623 2228 causa
1639 2157 1821 2246 religionis
1834 2159 2101 2229 confoederato-

60 2259 179 2330 rustici
203 2257 259 2338 id,
285 2260 381 2350 quod
402 2259 515 2330 literis
534 2260 705 2346 debetur,
728 2259 859 2332 iniuste
882 2265 1054 2334 interver-
1102 2281 1183 2331 rum
1199 2259 1401 2349 principum
1420 2259 1636 2329 erordtnmn
1650 2257 1966 2349 hoperti-nomine
1981 2259 2100 2329 edidi·

60 2373 134 2431 tant
149 2375 184 2432 et
201 2361 385 2433 devorent.
436 2357 528 2432 Cum
544 2375 662 2430 autern
676 2363 913 2434 adolescens'a
929 2378 1054 2434 nutrire
1100 2379 1199 2445 mus,
1223 2381 1441 2450 arrogamus
1458 2372 1495 2444 et
1512 2355 1746 2429 adhortamur
1759 2382 1838 2444 vos,
1863 2359 1912 2428 ita
1927 2373 1968 2432 ut
1980 2360 2100 2432 existi-

58 2461 105 2532 ita
121 2462 169 2533 sit
187 2461 383 2531 instructus
400 2473 435 2531 et
450 2461 573 2550 ssagret
593 2483 714 2532 amore
735 2463 937 2549 literarum,
960 2467 1054 2535 bona
1100 2483 1279 2545 meremus
1295 2455 1623 2548 voegube'rnatores
1638 2459 1910 2532 florentissimae
1921 2461 2099 2552 reipubli-

60 2583 134 2652 spes
150 2575 215 2648 est,
233 2557 301 2634 hoc
317 2562 527 2632 beneficium
542 2562 581 2632 in
597 2563 712 2656 ipsum
727 2565 863 2638 utiliter
877 2567 1054 2639 collocari.
1100 2584 1162 2630 cae
1183 2561 1230 2630 ita
1252 2560 1455 2629 defensores
1480 2574 1513 2630 et
1533 2559 1726 2637 nutritores
1741 2558 1920 2632 Ecclesiae
1940 2585 2033 2648 esse,
2057 2578 2099 2634 ut

58 2661 159 2756 Rogo
174 2663 334 2754 igiturte
348 2664 452 2734 etiam
467 2674 574 2756 atque
588 2663 704 2748 etiam,
729 2690 775 2737 ne
789 2667 822 2736 ei
835 2667 937 2742 desis.
976 2663 1054 2758 Ego
1101 2660 1313 2730 intueamini
1327 2661 1415 2751 pios
1437 2671 1472 2732 et
1492 2662 1702 2730 innocentes
1723 2660 1841 2744 vims,
1869 2662 1932 2753 qui
1956 2687 2098 2734 morum

58 2789 200 2861 quoque
215 2787 292 2834 mea
308 2763 425 2834 studia
441 2764 509 2836 tibi
532 2767 761 2852 commendo,
786 2792 826 2840 ac
842 2755 1054 2860 magnopere
1101 2755 1285 2860 honestate
1302 2773 1337 2830 et
1358 2762 1452 2831 vitae
1466 2761 1700 2833 sanctimonia
1719 2762 1894 2832 excellunt
1918 2775 1952 2832 et
1968 2765 2098 2834 verita·

57 2880 159 2958 opto,
183 2864 376 2938 amicitiam
395 2880 553 2938 nostram
568 2880 772 2955 perpetuam
786 2891 871 2941 esse.
906 2867 1054 2962 Semper
1101 2877 1174 2933 tem
1204 2859 1393 2952 Evangelii
1421 2863 1700 2954 amplectuntur,
1731 2857 1908 2931 Ecclesiae
1933 2864 2096 2953 dogmata

58 2965 149 3036 enim
175 2981 212 3038 te
230 2979 376 3058 propter
395 2967 567 3038 excellens
590 2967 775 3059 ingenium
797 2983 831 3040 et
853 2954 1054 3043 doctrinam
1101 2986 1178 3032 non
1198 2965 1405 3034 convellunl
1420 2987 1488 3034 Νι·
1503 2977 1601 3033 'nova
1625 2963 1793 3052 tignum,
1818 2965 1878 3032 ⁸⁰⁶
1903 2984 2039 3034 0⁶⁰¹*ss
2062 2979 2098 3037 el

56 3080 90 3140 et
109 3067 284 3164 optimam
314 3068 532 3138 voluntatem
563 3091 643 3156 erga
671 3071 925 3161 rempublicam
953 3061 1053 3144 ialde
1101 3067 1252 3144 abusus,
1277 3065 1341 3159 qui
1355 3077 1477 3138 contra
1492 3061 1727 3156 Euangeliou
1742 3059 1876 3137 Christi
1892 3078 1926 3138 et
1938 3067 2098 3158 purioris

55 3171 184 3240 amavi.
235 3165 289 3244 De
305 3167 485 3262 republica
501 3158 655 3268 libenter
669 3162 712 3242 ad
732 3183 764 3245 tc
777 3162 990 3263 scriberem,
1013 3174 1056 3245 in
1102 3161 1281 3238 Ecclesiae
1310 3166 1440 3238 iudicia
1471 3167 1543 3241 iam
1576 3165 1663 3238 olim
1694 3165 1931 3262 irrepserunt,
1962 3170 2096 3266 populo

54 3293 122 3362 qua
150 3269 303 3342 scis·me
329 3293 348 3340 a
376 3268 542 3355 violentis
568 3269 725 3340 consiliis
757 3295 895 3366 semper
921 3269 1054 3347 abbor.
1102 3271 1287 3336 ostendere
1302 3269 1455 3340 student.
1506 3263 1623 3338 Facile
1639 3263 1734 3339 enim
1751 3293 1814 3358 pro
1830 3269 2021 3362 prudentia
2035 3295 2097 3350 ve,-

53 3373 178 3444 ruisse,
232 3367 301 3443 Sed
325 3365 391 3442 hae
414 3395 472 3442 res
491 3396 566 3445 non
581 3385 665 3446 sunt
679 3375 949 3449 committendae
968 3378 1051 3450 lite.
1103 3381 1173 3438 stra
1191 3369 1348 3438 statuetis
1364 3369 1451 3438 tales
1464 3363 1626 3440 homines
1643 3383 1676 3439 et
1689 3361 1824 3440 Christi
1845 3369 2096 3452 membranon

51 3473 111 3549 ris.
164 3467 209 3546 B.
224 3467 268 3541 V.
282 3469 344 3546 47.
1102 3471 1210 3540 modo
1234 3493 1308 3539 non
1329 3467 1474 3565 indigne
1489 3471 1711 3555 tractandos,
1734 3471 1795 3539 sed
1817 3483 1855 3540 et
1866 3469 2038 3542 iuvandos
2061 3488 2096 3546 et

278 3593 282 3604 ·
878 3572 945 3650 Ph.
1130 3571 1363 3641 romovendos
1393 3571 1488 3662 ipsos
1515 3593 1586 3640 esse
1612 3573 1655 3640 ad
1677 3571 1924 3642 illustrandam
1945 3571 2096 3661 gloriam

1102 3595 1186 3756 ilem
1211 3695 1299 3764 quae
1318 3685 1449 3764 quanta
1467 3672 1592 3742 multis
1611 3671 1738 3742 seculis
1759 3669 1908 3760 caligine
1930 3697 2096 3764 oppressa

1102 3772 1225 3856 luerit,
1251 3797 1325 3840 non
1338 3782 1397 3843 ’est
1411 3773 1611 3846 obscenum.
1663 3765 1716 3842 Ac
1729 3771 1812 3842 licet
1830 3768 1886 3842 his
1909 3775 2095 3862 postremis

58 3885 263 3965 N0‚4108,
605 3915 610 3924 ·
945 3899 976 3960 g,
997 3917 1026 3959 1,
1102 3872 1320 3961 temporibus
1334 3869 1432 3942 Deras
1447 3893 1513 3962 pro
1527 3895 1591 3942 sua
1605 3873 1761 3944 bonitate
1776 3872 1893 3944 lucem
1906 3869 2094 3963 Evangelii

52 3984 274 4022 Μ
908 3987 1048 4016 *⁶*
1101 3950 1229 4052 iterum
1245 3973 1416 4057 reeltlidit,
1436 3984 1555 4044 tamen
1572 3975 1694 4044 eadem
1706 3973 2095 4046 multisinlocisPon-

297 4065 581 4177 Reipublicae
606 4065 653 4155 V
649 4079 808 4156 enolae,
976 4057 1023 4166 ⁸„
1102 4073 1238 4145 titi'cm
1262 4087 1297 4144 et
1326 4071 1585 4166 Episcopomm
1617 4074 1806 4167 tyrannide
1839 4088 1874 4145 et
1898 4077 2094 4167 pertinacia

118 4239 204 4314 ,sm
227 4241 382 4312 apographo
406 4239 435 4294 to
459 4242 523 4298 eoa.
546 4242 631 4299 m
661 4243 688 4296 1>
719 4243 816 4300 Lw
850 4273 887 4288 Ι·
930 4245 1050 4302 Nomine
1101 4175 1321 4296 presviteros
1337 4176 1540 4270 impeditur,
1563 4177 1658 4268 quod
1676 4175 1819 4269 quidem
1833 4176 1947 4248 bonae
1965 4192 2000 4250 et
2014 4180 2094 4272 piae

154 4309 246 4390 princi
268 4327 314 4362 um
339 4307 542 4366 foederatorum
561 4283 784 4385 ssvmgetiiomm
804 4283 904 4384 scripte
923 4325 965 4370 est
982 4315 1049 4373 lues
1101 4291 1336 4349 commum
1350 4279 1424 4348 sm
1436 4301 1510 4348 ¹¹⁰³
1531 4291 1696 4368 Poaeunt’
1717 4278 1814 4348 unde
1829 4291 1863 4350 οἱ
1877 4291 2014 4350 tamum
2030 4305 2093 4372 μ’

249 4325 266 4430 l
1100 4379 1255 4448 riculum
1278 4379 1368 4470 ipsis
1386 4379 1552 4452 exoritur.
1606 4375 1738 4449 Verum
1763 4379 1794 4448 si
1816 4402 1837 4449 a
1858 4378 1919 4470 pio
1943 4395 1978 4451 et
1996 4376 2093 4450 ebri-

1100 4479 1215 4550 stiano
1238 4481 1443 4571 magistratu
1464 4479 1678 4550 defendendi
1699 4491 1735 4550 et
1758 4479 1905 4552 iuvandi
1926 4494 2026 4562 sunt,
2054 4483 2092 4551 id

1100 4583 1197 4674 quod
1219 4583 1447 4672 praecipuum
1468 4581 1627 4672 ipsorum
1651 4580 1805 4652 officium
1828 4593 1897 4662 est,
1922 4585 2093 4676 quemad-

1099 4684 1246 4752 modum
1264 4706 1360 4752 sacra
1384 4707 1525 4775 quoque
1549 4683 1721 4772 scriptura
1745 4693 1906 4768 testatur,
1931 4705 2013 4752 cum
2032 4683 2092 4753 in-

1100 4784 1195 4876 quit:
1211 4785 1344 4872 aperite
1357 4797 1476 4876 portas
1490 4797 1622 4854 vestras
1637 4781 1829 4872 principes:
1848 4776 1933 4853 baec
1949 4807 2091 4878 qumque

50 4867 299 4951 illustrissime
318 4874 480 4967 princeps
501 4889 536 4947 et
557 4877 686 4970 inclyte
701 4875 870 4966 Senatus,
893 4879 997 4952 amici
1013 4894 1047 4953 et
1099 4908 1166 4954 nos
1186 4883 1363 4978 principio
1390 4909 1462 4955 non
1497 4908 1623 4977 parum
1655 4895 1843 4954 moverunt
1869 4884 1914 4954 ad
1939 4887 2091 4956 tuendos

50 4981 117 5050 viri
132 4975 506 5064 singulariterditecn
557 4977 686 5050 Fertur
699 4982 793 5070 apud
810 5002 893 5066 noe,
918 4982 997 5073 pios
1011 4998 1047 5056 et
1098 4987 1177 5076 pios
1199 4986 1483 5069 concionatores,
1509 4985 1571 5078 qui
1592 4997 1736 5075 propter
1757 4981 1969 5056 Pontificum
1993 4987 2092 5058 indi-

49 5075 223 5154 honestos
243 5071 406 5147 homines
421 5080 591 5171 quosdam
607 5079 646 5148 in
667 5077 768 5150 ltalia
788 5081 945 5152 sincerae
960 5083 1046 5152 reli·
1098 5087 1300 5176 gnatiooem
1322 5086 1361 5156 in
1382 5087 1588 5158 discrimine
1605 5096 1718 5158 erant.
1768 5083 1888 5173 Quare
1904 5089 2008 5158 etiam
2026 5111 2091 5158 vos

49 5181 167 5272 gionis
184 5177 361 5249 studiosos
375 5180 501 5251 misere
516 5181 626 5270 afiligi
642 5193 676 5251 et
692 5203 814 5272 graves
831 5185 1046 5275 persecutio·
1098 5200 1258 5258 amanter
1272 5190 1448 5279 rogandos
1463 5211 1536 5258 esse
1557 5187 1742 5270 duximus,
1765 5199 1807 5254 ut
1830 5189 1907 5277 pios
1929 5183 2090 5260 homines

50 5305 111 5354 nes
134 5279 213 5374 pati
239 5301 313 5347 non
334 5294 479 5370 propter
501 5282 608 5352 aliam
631 5305 790 5364 causam,
817 5308 925 5376 quam
948 5289 1045 5378 quod
1097 5289 1196 5373 illos,
1229 5302 1265 5360 et
1290 5289 1502 5360 nominatim
1529 5288 1747 5379 praedictum
1770 5280 1940 5356 Baldum
1962 5281 2089 5384 Lupe

49 5379 289 5472 Evangelium
321 5376 455 5453 Christi
495 5385 675 5474 amplecti,
717 5383 863 5477 eiusque
897 5385 1044 5474 gloriam
1098 5383 1221 5476 dium,
1254 5391 1316 5484 qui
1340 5413 1420 5486 cum
1443 5391 1614 5462 iratribus
1636 5401 1782 5481 propter
1802 5413 1930 5459 nomen
1952 5385 2089 5462 Christi

51 5485 231 5560 illustrare
259 5493 295 5552 et
320 5505 513 5576 propagare
541 5485 698 5578 eupiunt.
756 5481 830 5560 Nos
856 5510 956 5576 vero,
981 5489 1042 5583 qui
1096 5491 1377 5584 persecutionem
1400 5491 1553 5584 patitur,
1584 5489 1869 5564 commendatum
1892 5491 1994 5562 vobis
2020 5487 2087 5562 ha-

157 4389 247 4450 eptsto
279 4413 287 4431 .

51 4532 324 4610 illustrissimo
361 4529 531 4632 Princips'
561 4534 616 4612 D.
650 4533 790 4612 Petro
822 4537 984 4614 Sando
1016 4547 1047 4614 et

51 4637 195 4735 inclyto
210 4633 370 4708 Senatui
380 4633 624 4733 Reipublicae
638 4635 685 4714 V
681 4651 822 4726 enatae,
845 4641 966 4714 amico
979 4669 1047 4715 no·

139 4747 239 4822 stro,
267 4748 299 4809 et
315 4737 404 4810 viris
420 4734 526 4810 nobis
541 4737 787 4838 singulariter
799 4738 961 4817 delectis.
