4744 6254
238 361 318 446 599.
822 354 1256 440 urtstonauuu
1314 357 1424 436 LlB.
1454 357 1506 438 X.
1556 353 1689 439 1647.
2230 361 2309 438 600

243 534 480 627 comperimus
491 505 570 604 eum
580 526 765 619 atinganio
775 527 870 598 felici
884 551 923 600 ac
940 528 1114 599 bonarum
1124 527 1254 598 ortium
1303 525 1444 609 sedem,
1467 547 1532 594 nec
1549 524 1638 594 alios
1652 525 1784 596 amicos
1799 527 2020 604 anteferrem.
2058 526 2220 600 Patriam
2236 551 2307 600 esse

246 637 366 728 capaci
381 637 578 728 praeditum
597 655 682 716 esse,
706 644 842 702 etcum
859 629 1255 703 incaeterisvitaeofli-
1304 626 1489 710 iudicabo,
1513 627 1718 719 ubicunque
1739 628 1794 698 illi
1817 643 1931 700 erunt.
1983 630 2054 702 Sed
2074 645 2199 702 utrum
2221 633 2308 702 duas

247 739 309 808 ciis
326 756 442 810 mores
463 759 546 806 suos
566 710 717 809 honeste
741 732 891 816 rexisse,
917 744 950 800 et
965 731 1162 801 studiosum
1183 753 1255 799 esse
1304 729 1514 817 Academias
1530 723 1660 798 habere
1677 729 1759 799 Dux
1772 729 1887 802 victor
1903 731 2009 816 velit,
2022 733 2164 804 dubito.
2202 728 2253 803 Et
2267 746 2307 804 ut

246 811 457 931 pietatis-ac
487 833 688 906 doctrinam
713 829 904 902 catholicae
926 831 1103 902 Ecclesiae
1122 827 1256 902 Christi
1305 829 1410 913 velit,
1431 829 1461 896 si
1484 829 1658 918 praesidia
1678 843 1783 900 erunt
1807 831 1845 900 in
1866 833 1999 923 oppido
2024 835 2153 904 veteris
2166 829 2308 904 Acade-

249 939 434 1030 amplecti,
467 951 501 1006 et
526 936 752 1006 concordiam
774 935 953 1025 publicam
976 957 1106 1004 amare.
1165 928 1255 1004 Cum
1305 929 1397 1000 miae
1414 945 1573 1011 nostrae,
1589 955 1678 1023 quae
1694 945 1809 1024 potest
1823 934 1876 1002 ibi
1888 957 1965 1004 esse
1979 929 2122 1019 Schola,
2142 959 2308 1054 praeser-

250 1056 370 1110 autem
392 1039 551 1128 linguam
577 1037 725 1106 latinam
748 1050 782 1105 et
806 1036 924 1127 aliqua
941 1036 1124 1105 doctrinae
1138 1030 1258 1126 philo·
1305 1031 1369 1103 tim
1386 1055 1466 1100 cum
1482 1033 1626 1102 licentia
1641 1046 1674 1102 et
1688 1034 1883 1123 petulantia
1897 1035 2053 1104 militum
2069 1036 2121 1107 ibi
2137 1037 2255 1108 maior
2265 1049 2309 1106 srt

250 1137 417 1233 sophicae
440 1141 612 1209 elementa
629 1137 825 1220 didicisset,
851 1150 886 1206 et
910 1137 1125 1228 intelligeret
1145 1130 1259 1205 hone·
1306 1155 1411 1224 quam
1432 1131 1471 1198 in
1497 1133 1576 1202 aliis
1600 1133 1710 1202 locis?
1760 1129 1881 1206 Audio
1901 1136 1998 1204 enim
2013 1131 2309 1208 GothacCaesa-

252 1257 386 1312 starum
403 1241 669 1330 disciplinarum
685 1239 801 1306 studia
818 1239 862 1306 ad
883 1237 1072 1309 utilitatem
1086 1235 1260 1329 reipubli-
1306 1235 1426 1332 riopos
1441 1233 1572 1304 milites
1589 1235 1753 1304 collectos
1775 1237 1820 1304 ad
1836 1235 2094 1308 Danubiumet
2111 1237 2307 1310 Neocarum

253 1367 315 1414 cae
331 1343 515 1413 reserenda
534 1361 625 1425 esso,
641 1338 820 1408 doctrinae
836 1339 1171 1410 iurisconsultorum
1185 1360 1259 1408 sese
1305 1333 1420 1404 multo
1438 1357 1511 1404 esse
1531 1337 1762 1434 modestiores
1778 1336 1854 1406 istis
1870 1333 2032 1409 Henetis.
2081 1339 2262 1411 Fortassis
2277 1355 2307 1415 et

253 1443 416 1514 addicere
437 1441 570 1534 coepit,
609 1464 700 1534 quac
725 1441 981 1512 cumiustitiae
1003 1444 1154 1512 formam
1177 1463 1260 1532 per·
1306 1433 1491 1536 Saxonicis
1505 1433 1717 1540 Civitatibus
1734 1439 1868 1515 bellum
1884 1439 2055 1521 insertur,
2077 1443 2176 1534 quod
2193 1443 2306 1526 sitiet,

254 1544 382 1618 lectiss.
403 1525 598 1636 proponat,
632 1555 668 1612 et
699 1543 744 1610 ad
766 1542 923 1634 privatos
944 1567 1060 1612 mores
1081 1542 1259 1631 regundos
1306 1550 1379 1609 tota
1393 1535 1454 1607 illa
1469 1539 1596 1608 vicinia
1614 1538 1681 1609 erit
1696 1539 1901 1634 inquietior.
1955 1541 2039 1610 ldeo
2054 1545 2098 1611 de
2116 1545 2231 1614 veteri
2245 1569 2307 1614 no-

255 1647 358 1715 valde
379 1645 479 1715 utilis
502 1657 569 1730 est,
595 1656 630 1713 et
645 1643 766 1732 regula
789 1655 841 1713 est
854 1645 1120 1732 gubernationis
1138 1643 1259 1734 politi·
1308 1653 1380 1709 stra
1395 1641 1497 1719 sede,
1518 1639 1605 1750 quid
1620 1641 1695 1731 spei
1713 1663 1785 1710 esse
1801 1641 1911 1734 possit
1927 1665 2000 1713 non
2018 1643 2133 1712 video.
2188 1641 2306 1763 lucre-

256 1772 334 1832 cae,
360 1760 394 1816 et
409 1760 525 1817 custos
542 1744 750 1836 disciplinae
765 1767 805 1813 ac
822 1746 917 1836 pacis
932 1747 1027 1816 intra
1042 1745 1145 1818 cives.
1170 1741 1260 1814 Eius
1307 1739 1412 1810 dibili
1435 1741 1559 1810 dolore
1579 1741 1743 1825 adficior,
1759 1743 1902 1834 quoties
1916 1737 1980 1814 has
1995 1757 2111 1814 uncas
2126 1745 2307 1817 calamna-

256 1849 311 1918 rei
334 1871 438 1918 causa
458 1842 518 1916 hic
533 1837 805 1939 Franciscus')
826 1860 860 1917 et
875 1843 1047 1918 Doctores
1071 1846 1202 1916 artium
1226 1858 1261 1914 et
1307 1855 1358 1914 tes
1380 1842 1487 1910 unius
1507 1843 1630 1934 oppidi
1651 1843 1763 1913 nostri
1778 1845 1981 1930 considero,
2003 1845 2150 1938 inquo,
2171 1847 2306 1918 etiarnsi

232 1949 347 2018 ¹iuris
378 1949 418 2017 in
445 1943 511 2018 hac
535 1943 655 2016 schola
680 1945 838 2030 audivit,
869 1962 902 2017 et
929 1949 1005 2016 eius
1027 1947 1202 2018 industria
1227 1958 1261 2015 et
1306 1944 1418 2013 multa
1437 1944 1583 2014 suerunt
1604 1943 1712 2014 vicia:
1739 1958 1857 2014 tamen
1870 1946 2003 2017 multae
2019 1969 2075 2018 res
2091 1951 2306 2028 necessariae

257 2051 436 2142 proiectus
460 2049 566 2118 bonis
589 2062 623 2116 et
647 2045 762 2117 doctis
785 2047 872 2116 viris
894 2047 943 2118 ita
968 2049 1113 2138 probari
1137 2045 1262 2138 coepit,
1307 2040 1485 2112 Ecclesiae
1508 2059 1602 2115 recte
1629 2045 1823 2118 illustratae
1845 2061 1939 2121 sunt.
1989 2045 2080 2120 Cum
2107 2063 2229 2118 autem
2245 2075 2306 2119 ne-

258 2164 299 2221 ut
324 2175 399 2220 non
428 2149 631 2232 dubitetur,
652 2149 791 2239 ipsum,
817 2148 847 2216 si
872 2144 947 2218 Deo
974 2151 1116 2220 iuvante
1139 2161 1259 2239 coepta
1309 2166 1402 2213 cesse
1419 2146 1465 2214 sit
1479 2169 1545 2214 nos
1562 2158 1643 2214 ante
1661 2141 1824 2240 hyemem
1840 2148 1883 2216 de
1898 2143 2064 2240 hospitiis
2080 2151 2256 2238 cogitare,
2275 2166 2304 2222 et

260 2253 377 2320 studia
400 2263 607 2340 prosecutus
627 2247 755 2332 luerit,
794 2248 1009 2340 reipublicae
1033 2273 1159 2340 magno
1180 2248 1260 2318 usui
1310 2267 1373 2333 ego
1395 2245 1471 2314 sinc
1497 2247 1644 2316 consilio
1667 2259 1782 2317 vestro
1806 2242 1899 2316 nihil
1920 2249 1965 2319 de
1990 2275 2067 2318 mea
2092 2251 2304 2340 migratione

261 2367 297 2422 et
314 2363 521 2422 ornamento
536 2353 697 2418 futurum
715 2371 799 2420 esse.
851 2346 941 2418 Cum
966 2353 1084 2444 itaque
1101 2350 1260 2420 omnium
1309 2345 1524 2417 constituere
1538 2348 1661 2433 velim,
1685 2349 1824 2417 decrevi
1844 2352 1967 2418 advos
1984 2345 2193 2420 Servestam
2210 2377 2305 2423 accc-

259 2448 495 2522 honestorum
511 2451 669 2538 virorum
692 2449 812 2518 lavore
827 2449 925 2539 digni
949 2453 1039 2538 sint,
1064 2451 1126 2546 qui
1151 2451 1262 2522 bonas
1310 2449 1411 2534 dere,
1428 2473 1467 2516 ac
1482 2445 1559 2517 Deo
1576 2448 1720 2520 iuvante
1736 2473 1811 2519 cras
1830 2449 1896 2519 iter
1914 2450 2105 2540 ingrediar.
2145 2451 2260 2544 Coepi
2275 2467 2305 2524 et

230 2615 234 2624 .
262 2566 371 2636 artes,
398 2551 587 2636 iustitiam,
612 2550 704 2638 leges
727 2563 760 2619 et
776 2549 1000 2640 disciplinam
1016 2565 1138 2622 amant
1152 2567 1186 2623 et
1202 2576 1263 2620 ve·
1310 2562 1391 2619 ante
1404 2551 1586 2620 octiduum
1603 2549 1671 2619 iter
1684 2552 1798 2620 lacere
1811 2553 1856 2619 ad
1870 2573 1951 2637 vos,
1974 2553 2033 2620 scd
2055 2575 2112 2622 me
2132 2557 2306 2648 quaedam

262 2667 453 2736 nerantur,
479 2655 765 2721 commendamus
786 2651 836 2720 eis
859 2665 894 2720 et
911 2645 1007 2722 hunc
1025 2651 1264 2736 Franciscum‚
1310 2673 1385 2719 non
1400 2651 1486 2719 levis
1498 2672 1600 2719 causa
1614 2645 1684 2721 huc
1700 2651 1865 2736 retraxit,
1888 2666 1928 2722 ut
1943 2677 2061 2723 coram
2080 2657 2185 2725 vobis
2202 2681 2307 2748 expo-

264 2778 393 2846 eosque
415 2746 616 2837 hortamur,
654 2765 695 2822 ut
727 2765 871 2844 propter
902 2747 965 2822 hos
991 2777 1079 2846 quas
1111 2753 1263 2824 diximus
1311 2774 1404 2823 nam.
1436 2749 1562 2821 Scribo
1576 2753 1623 2821 ad
1640 2746 2045 2838 PaulumEberum‚et
2060 2757 2103 2823 ad
2116 2749 2306 2827 Vilomde

250 2845 384 2926 ¹causas
398 2853 514 2946 ipsum
536 2867 694 2922 amanter
714 2853 1011 2944 complectantur,
1035 2869 1068 2924 et
1082 2855 1208 2925 studiis
1224 2880 1264 2925 ac
1311 2847 1379 2921 hoc
1395 2875 1473 2920 rneo
1488 2853 1634 2939 itinere,
1649 2878 1780 2948 vosque
1795 2870 1877 2938 oro,
1892 2871 1934 2926 ut
1948 2856 2068 2926 literas
2078 2851 2170 2929 Viro
2181 2859 2307 2928 inscri-

260 2955 390 3026 officiis
413 2955 483 3022 suis
508 2978 581 3024 non
604 2967 744 3044 gravate
762 2977 890 3022 ornare
906 2968 940 3024 et
955 2955 1122 3024 adiuvare
1142 2957 1264 3026 velint.
1311 2966 1388 3043 ptas
1404 2955 1447 3022 ad
1466 2948 1653 3025 honestum
1670 2953 1793 3025 Civem
1810 2952 2142 3053 Meideburgensem
2159 2955 2200 3028 T
2199 2954 2305 3029 uche-
2366 3029 2367 3044 ,

263 3053 318 3127 Ac
340 3055 480 3148 nequis
502 3057 545 3124 de
565 3056 633 3124 fide
655 3049 782 3123 harum
808 3056 991 3124 literarum
1019 3057 1176 3142 dubitet,
1198 3060 1264 3128 ob·
1312 3076 1392 3121 rtem
1410 3055 1575 3141 mittatis,
1596 3057 1660 3149 qui
1674 3057 1805 3147 poterit
1829 3081 1887 3128 eas
1907 3057 2129 3129 Stendaliam
2154 3061 2305 3135 mittere.
2366 3045 2367 3113 l

263 3159 480 3248 signavimus
501 3179 558 3242 eas
578 3156 694 3246 sigillo
709 3156 932 3246 magistratus
948 3151 1167 3243 scholastici,
1193 3184 1263 3251 quo
1310 3154 1465 3225 Domino
1491 3148 1672 3226 Conrado
1695 3153 1768 3230 W
1764 3153 1880 3227 talare
1902 3160 2050 3229 salutem
2074 3176 2177 3251 opto,
2200 3185 2304 3256 quem

264 3255 334 3329 hoc
356 3273 513 3349 ternpore
546 3256 742 3344 fungimur.
799 3256 911 3326 Datae
934 3256 1183 3350 Wittebergae
1205 3261 1263 3331 die
1311 3257 1423 3326 miror
1435 3259 1596 3328 nondum
1612 3254 1745 3328 Ionam
1760 3283 1938 3330 reversum
1954 3285 2142 3344 esse‚cum
2159 3265 2303 3356 quidem
2365 3293 2366 3383 p

264 3357 348 3436 ΧΠ.
366 3359 452 3430 lulii
468 3353 575 3427 Anno
589 3353 724 3428 Christi
743 3358 817 3426 nati
833 3355 1058 3431 MDXLVll.
1310 3355 1485 3447 Turingia
1508 3383 1604 3430 nunc
1618 3358 1684 3430 Dei
1700 3361 1871 3431 beneficio
1893 3363 2086 3454 tranquilla
2107 3365 2155 3434 sit
2170 3379 2206 3435 et
2227 3389 2302 3458 spes
2364 3451 2365 3456 ἵ

683 3454 749 3555 (L.
776 3455 838 3552 S.)
1311 3457 1356 3528 sit
1369 3461 1530 3551 copiosae
1544 3461 1667 3530 messis
1684 3474 1718 3531 et
1732 3461 2114 3554 copiosaevinderniae.
2140 3464 2303 3538 Profecto

1311 3559 1486 3647 singulare
1502 3559 1568 3631 Dei
1589 3562 1799 3634 beneficium
1823 3565 1982 3656 estquod
2004 3565 2043 3632 in
2067 3567 2177 3636 tantis
2200 3569 2304 3637 mise·

1310 3659 1371 3728 riis
1387 3656 1514 3732 harum
1530 3663 1703 3736 ter'rarum
1717 3661 1814 3734 Deus
1828 3677 1946 3734 tamen
1962 3659 2168 3757 prohibuit,
2189 3685 2303 3740 vasta-
2363 3681 2364 3714 r

265 3791 322 3862 No
348 3793 448 3865 5933
1087 3801 1163 3882 (13Ι
1183 3798 1261 3880 lut.)
1310 3761 1444 3831 tionem
1459 3751 1667 3856 'I'uringiae.
1716 3763 1952 3836 Benevalete.
1992 3767 2059 3838 Die
2079 3767 2165 3838 Iulii
2184 3770 2242 3845 15.

269 3883 481 3940 m
449 3844 458 3864 ι
1118 3892 1248 3919 Μ’

573 3981 699 4098 Aug.
730 3983 944 4095 Sohurfio.

333 4138 417 4210 Epist.
430 4123 526 4196 rtsjrr.
541 4161 567 4216 p.
584 4143 645 4199 tos.
666 4145 1090 4220 (aa.c0na.ns.1tep.sss.r.
1307 4151 1373 4222 No.
1390 4155 1504 4224 aoso.
1932 4163 1990 4230 ts·
2015 4159 2075 4228 1111.
2102 4161 2281 4243 (Nonam.)

442 4287 498 4361 D.
531 4287 794 4388 Augustino
821 4293 1081 4400 Schurssr'o
1312 4249 1484 4280 snm
1865 4257 2300 4304 Q

262 4400 375 4494 S.·D.
426 4421 627 4499 Clarissime
647 4431 704 4499 vir
724 4445 758 4502 et
780 4429 1128 4522 amicecharissime,
1179 4435 1255 4507 Etsi
1374 4491 1683 4567 Epmflhutpffl.
1697 4355 2126 4572 glffizlulhhndpdm·

264 4525 382 4596 statim
406 4525 512 4599 initio
538 4530 634 4600 exilii
650 4532 763 4600 nostri
780 4548 921 4604 vocatus
939 4560 1016 4604 sum
1036 4537 1073 4603 in
1091 4539 1255 4625 patriam:

261 4639 380 4695 tamen
402 4631 519 4698 subito
544 4655 585 4700 ex
613 4627 670 4700 his
699 4635 902 4722 regionibus
933 4637 1035 4706 nolui
1066 4639 1254 4716 discedere.
1478 4628 1547 4710 D.·
1554 4632 1828 4744 glugustino
1853 4631 2005 4708 Selour
2004 4639 2042 4737 s
2034 4639 2115 4740 sio

259 4722 334 4794 Nec
347 4727 490 4820 disputo
508 4755 615 4823 quam
638 4733 814 4824 sapienter
832 4735 985 4810 fecerim.
1037 4737 1106 4808 Sed
1122 4763 1178 4809 me
1199 4744 1254 4811 vel
1302 4741 1346 4832 S,
1374 4764 1418 4837 ῃ,
1471 4761 1674 4839 Clarissime

259 4826 474 4899 desiderium
496 4831 726 4923 collegarum,
753 4836 809 4904 vel
830 4837 919 4906 aliae
934 4837 1011 4927 piae
1025 4863 1149 4910 causae
1163 4843 1255 4911 deti-

259 4943 426 5043 nuerunt.
465 4927 518 5002 Ac
796 4937 803 4954 '
1065 4941 1074 4958 ‘
1173 4943 1181 4960 '

266 5023 340 5099 W
334 5027 512 5123 slebergae
521 5087 531 5116 ,

1699 4770 1756 4839 vir
1780 4782 1814 4840 et
1838 4773 1948 4842 amice
1972 4767 2198 4859 charissime,
2218 4800 2297 4860 cnm

1302 4859 1380 4934 heri
1394 4867 1439 4934 ad
1453 4866 1622 4938 familiam
1633 4895 1745 4940 meam
1761 4895 1920 4942 reversus
1932 4873 2040 4944 essem
2050 4899 2091 4944 ex
2105 4879 2187 4946 aula
2198 4874 2270 4948 W
2266 4877 2299 4944 i-

1298 5293 1443 5362 remque
1466 5273 1511 5341 ad
1534 5296 1740 5344 communes
1760 5277 1920 5347 miserias
1937 5289 2091 5350 caeteras
2107 5282 2214 5354 etiam
2230 5286 2294 5354 do·

288 5410 316 5478 ¹³)
335 5410 413 5484 Opus
432 5413 524 5470 habuit
542 5415 681 5472 Francisc.
696 5436 712 5473 a
726 5419 762 5472 tt.
777 5419 912 5474 eiusmodi
925 5418 1099 5488 testimonio,
1116 5432 1147 5480 nt
1164 5423 1249 5499 recipi
1297 5371 1440 5442 menica
1457 5373 1607 5493 vulnera,
1620 5387 1690 5444 tam
1708 5377 1819 5446 muna
1839 5379 1944 5448 nobis
1959 5382 2140 5499 neceque:
2168 5408 2293 5503 magt„

340 5491 430 5550 posset
443 5483 471 5535 in
486 5501 633 5540 numerum
645 5487 845 5544 mosaicorum
859 5489 1040 5562 magdeburg.
1296 5471 1387 5542 facta
1409 5487 1460 5544 est
1482 5499 1631 5546 accessio
1656 5479 1701 5548 ad
1724 5477 1862 5550 dolores
1883 5505 1980 5552 meos
2003 5505 2152 5574 priores.
2209 5485 2293 5556 Sero
