4754 6260
234 347 304 422 171
818 331 1263 416 uutssontntttt

232 521 373 592 labores
387 515 510 590 desero
523 527 728 588 reverenter
747 525 782 586 et
794 507 973 584 Ecclesiae
988 508 1068 596 Dei,
1085 522 1121 584 et
1135 507 1177 588 C.
1185 505 1231 580 V.

232 619 278 698 D.
288 621 423 694 Doetor
437 615 673 713 Augustinus
688 615 855 710 promisit
870 639 906 686 se
922 625 1128 686 curaturum
1143 635 1232 704 esse,

232 737 275 796 ut
293 725 443 794 fideliter
456 723 502 792 acl
516 719 558 795 C.
569 719 613 797 V.
628 715 716 792 baec
731 719 861 810 scripta
877 718 1112 810 perferantur.
1145 711 1232 786 ldeo

1314 336 1428 420 LlB.
1457 337 1506 420 X.
1560 334 1694 418 teto.

1282 523 1325 584 ut
1344 511 1508 604 aspidum
1530 511 1710 584 saevitiam
1729 509 1833 604 pueri
1848 535 1914 584 nec
1928 533 2050 584 cavere
2063 514 2203 606 possint
2216 537 2284 586 nec

1284 611 1478 706 depellere,
1507 616 1555 686 sit
1571 638 1639 685 nos
1656 609 1793 686 technis
1810 609 1988 702 hostium,
2013 641 2167 710 quorum
2183 618 2285 686 varia

1283 729 1369 786 sunt
1382 739 1527 806 genera,
1552 741 1737 788 occurrere
1753 739 1827 786 non
1842 739 2041 808 possumus.
2074 715 2197 789 Unum
2215 719 2287 808 igi-

2212 340 2285 416 172
2366 405 2367 426 ,

235 847 276 896 ea
296 826 363 918 ipsi
385 823 645 897 commendavi.
695 817 750 891 Ac
770 845 856 906 oro,
881 833 922 889 ut
941 817 1117 907 significet
1131 813 1172 890 C.
1189 811 1234 890 V.
1285 830 1344 888 tur
1372 813 1441 888 hoc
1469 841 1629 908 agamus:
1660 817 1832 888 faciamus
1854 819 2012 890 officium
2032 835 2216 908 nostrum,
2251 832 2287 891 et
2365 785 2368 930 i

234 949 282 998 en
298 951 339 998 ea
353 927 538 1017 acceperit.
587 923 686 996 Dens
703 936 865 992 aeternus
880 918 985 990 Pater
999 917 1152 990 Domini
1168 940 1234 986 no-

234 1029 300 1099 stri
315 1025 394 1098 lesu
407 1023 542 1100 Christi
556 1039 670 1098 servet
685 1022 726 1099 C.
735 1023 780 1096 V.
796 1036 831 1093 et
844 1036 941 1112 regat
954 1045 1045 1092 eam.
1078 1017 1148 1090 Die
1163 1041 1234 1112 quo

236 1130 435 1202 celebretur
450 1127 621 1200 memoria
636 1120 809 1216 triumphi
825 1123 914 1196 Filii
927 1121 1008 1212 Dei,
1026 1145 1098 1220 quo
1113 1143 1237 1194 ascen·

237 1233 294 1304 dit
308 1233 348 1302 in
362 1233 501 1304 coelum
516 1241 694 1322 spectante
708 1223 879 1300 Ecclesia.

239 1557 308 1630 No.
334 1553 449 1628 8480.

241 1651 451 1690 Μ

526 1817 529 1824 ·
619 1752 859 1840 Studiosis.

309 1917 417 1992 Scripta
434 1913 512 1990 publ.
528 1911 656 1968 Witteb.
675 1911 698 1970 l.
715 1929 744 1982 p.
759 1909 810 1964 169
818 1905 849 1964 b,

356 2069 557 2173 Philippus
573 2060 812 2164 'luctantum
838 2059 1129 2162 (Studiosis).

241 2223 371 2314 Hodie
386 2234 475 2308 hora
489 2236 603 2328 prima
618 2232 833 2304 conveniant
846 2230 885 2300 in
900 2232 1008 2301 domo
1018 2225 1241 2310 Academiae,

242 2347 282 2415 in
312 2365 381 2436 qus
407 2352 458 2408 est
479 2336 699 2411 auditorium
722 2332 1079 2418 iurisconsultorum,
1114 2327 1240 2400 delecti
1270 2417 1273 2424 Ι

221 2501 225 2508 .
243 2471 287 2518 ex
302 2441 506 2512 Voitlandis
522 2439 566 2508 ad
585 2437 772 2530 stipendia.
817 2434 945 2506 Sciunt
960 2435 1069 2518 enim,
1095 2431 1241 2503 nomine

243 2569 389 2627 eorum,
421 2542 484 2634 qui
516 2540 562 2610 ad
588 2562 733 2610 examen
761 2549 956 2620 venerunt,
997 2533 1241 2605 lllnstrissimo

243 2643 404 2734 Principi
421 2641 591 2713 mittenda
608 2662 692 2713 esse.
717 2635 766 2710 Et
779 2638 904 2710 studiis
921 2637 1046 2706 utilem
1061 2637 1134 2706 esse
1149 2630 1242 2704 hanc

243 2745 501 2840 inspectionem
521 2741 704 2813 doctrinae
721 2755 755 2812 et
773 2743 818 2812 ad
836 2738 1060 2830 disciplinam
1077 2738 1241 2829 prodesse

243 2868 437 2942 speramus.
462 2844 570 2915 Decet
585 2857 700 2914 autem
716 2865 838 2912 carnes
852 2844 942 2910 bene
959 2853 1114 2912 moratos
1125 2860 1242 2907 amare

245 2972 373 3022 nervos
407 2947 629 3038 disciplinae.
690 2943 763 3014 Nee
797 2965 930 3014 nomen
959 2955 1098 3013 tantum
1125 2938 1240 3030 gentis

245 3052 430 3132 Vetissus,
455 3071 475 3120 a
493 3047 639 3117 veritate
654 3047 799 3131 iactum,
823 3046 885 3115 sed
902 3041 1008 3112 etiam
1026 3065 1082 3112 res
1096 3063 1243 3131 magnae

245 3155 351 3237 olim,
374 3173 439 3242 pro
454 3138 659 3220 defensione
676 3146 848 3220 libertatis
865 3140 1099 3216 Germanicae
1114 3157 1243 3234 gestae,

244 3254 463 3346 significant,
495 3271 623 3338 magna
654 3247 798 3319 virtutis
827 3247 992 3317 exercitia
1016 3247 1055 3314 in
1077 3269 1117 3316 ea
1141 3257 1243 3334 gente

1287 920 1400 990 exitus
1413 916 1490 990 Deo
1508 922 1806 992 commendemus.

1384 1019 1499 1091 Filius
1514 1024 1618 1092 docet
1633 1045 1762 1111 magns
1778 1045 1860 1092 cnm
1875 1020 1982 1092 laude
1995 1015 2046 1116 *).
2094 1020 2188 1095 Dedi
2205 1021 2287 1093 Do-

1287 1122 1377 1192 ctori
1393 1104 1577 1193 Cluiliano
1591 1117 1752 1220 Aquilae
1772 1123 1975 1214 epistolam,
2005 1147 2047 1194 ex
2065 1149 2136 1218 qua
2148 1149 2287 1222 cogpo-

1287 1247 1359 1294 sces
1381 1219 1451 1322 τὴν
1468 1219 1710 1324 uuoyecdpyov
1726 1220 1882 1319 μανίαν.
1934 1222 2030 1297 Dens
2046 1239 2143 1316 regat
2157 1223 2286 1298 Eccle-
2368 1233 2369 1262 t

1287 1326 1355 1396 sias
1378 1341 1535 1408 nostras,
1562 1339 1597 1396 et
1618 1328 1655 1396 in
1682 1327 1731 1396 eis
1752 1322 2007 1397 haereditatem
2029 1329 2103 1397 filio
2126 1353 2190 1398 suo
2209 1328 2288 1398 Do-

1288 1427 1387 1497 mino
1402 1443 1524 1500 nostro
1543 1426 1622 1498 lesu
1639 1424 1928 1499 Chnextremam
1943 1431 2095 1520 colligat.
2133 1427 2288 1500 Decrevi
2369 1489 2370 1506 ,

1204 1591 1212 1608 ,
1288 1530 1466 1618 expetiere
1489 1533 1534 1600 ad
1554 1532 1749 1622 principem
1766 1523 1967 1624 Georgium
1983 1531 2204 1601 inviciniem
2224 1557 2288 1600 ve-
2369 1517 2370 1532 ¹

1289 1645 1412 1718 suam,
1436 1657 1507 1726 quo
1523 1655 1624 1724 spero
1645 1645 1680 1702 te
1694 1653 1836 1725 quoque
1849 1646 2041 1702 venturum
2056 1655 2140 1706 csse.
2192 1631 2287 1704 Nam

1291 1735 1386 1826 quod
1400 1733 1585 1824 significas,
1610 1747 1644 1804 te
1662 1729 1733 1804 hcm
1746 1733 2003 1824 expoliatorum
2018 1758 2103 1819 esse,
2125 1734 2194 1804 scis
2210 1759 2287 1804 non

1291 1835 1367 1903 sine
1380 1859 1508 1926 magun
1526 1849 1646 1906 sumtu
1660 1837 1729 1905 tale
1746 1836 1831 1920 iter,
1856 1836 2017 1928 quamvis
2035 1860 2109 1906 non
2124 1836 2288 1926 longum,

1290 1948 1362 2006 ate
1378 1937 1456 2006 fieri
1475 1961 1586 2027 posse.
1619 1935 1737 2006 Vidua
1753 1928 1813 2032 ”)
1835 1937 1917 2007 iecit
1933 1937 2124 2008 emtionem
2142 1939 2287 2009 duobus

1291 2037 1452 2110 millibus
1469 2054 1503 2110 et
1520 2039 1693 2112 ducentis.
1726 2038 1820 2110 Satis
1834 2061 2047 2113 exercemur.
2079 2037 2180 2110 Bene
2195 2042 2287 2125 vale,
2370 2065 2371 2068 ¹

1290 2141 1349 2210 die
1366 2155 1427 2212 tuo
1441 2140 1659 2234 natalique
1675 2135 1821 2211 Graecis
1834 2142 1925 2210 duae
1945 2140 2112 2211 victoriae
2129 2141 2287 2210 clarissi-

1291 2265 1368 2312 mae
1383 2255 1505 2335 partae
1520 2254 1604 2312 sunt
1619 2241 1803 2312 Leuctrica
1819 2256 1853 2312 et
1872 2242 2090 2316 Gervestana
2106 2235 2202 2338 m).

1292 2561 1488 2646 Nastae.
2153 2566 2274 2634 utun.

1296 2661 1501 2698 m
1578 2742 1638 2830 A.
1659 2743 1996 2834 Lauterbocbio.

1360 2907 1383 2973 '1¹
1402 2903 1440 2958 Es
1454 2923 1549 2981 apogr.
1562 2905 1592 2964 in
1605 2905 1667 2964 eod.
1683 2907 1767 2964 Goth.
1782 2907 1843 2965 190.
1861 2925 1887 2980 p.
1902 2907 1963 2964 tet.

1294 3057 1499 3135 Antonio
1522 3059 1847 3152 Lauterbuch,
1878 3033 2031 3136 Pastori
2045 3057 2290 3161 EpoissPir-

1722 3167 1858 3244 nensis

1291 3295 1338 3385 S.
1364 3312 1411 3389 D.
1445 3313 1660 3389 Venerande
1677 3315 1721 3392 D.
1739 3315 1887 3394 Antoni.
1921 3316 2025 3392 ‘Utile
2043 3331 2095 3388 est
2110 3313 2290 3396 Ecclesiae

242 3357 367 3440 fuisse,
392 3377 482 3444 quae
502 3349 636 3420 imitari
655 3364 816 3441 posteros
838 3371 977 3420 necesse
995 3360 1059 3424 est.
1109 3344 1242 3418 Datum

243 3453 279 3529 6.
294 3456 408 3540 lunii,
433 3477 528 3526 anno
547 3448 658 3558 1546.
884 3451 890 3456 '

1294 3415 1378 3501 Dei,
1404 3418 1499 3488 bona
1522 3434 1557 3491 et
1578 3423 1758 3491 moderata
1780 3420 1921 3510 ingenia
1945 3421 2110 3490 uberiore
2125 3422 2290 3490 doctrina

1293 3518 1405 3588 excoli
1420 3533 1454 3591 ct
1468 3521 1608 3595 instrui.
1636 3520 1727 3594 Cum
1742 3522 1851 3612 igitur
1867 3523 2004 3593 indoles
2020 3514 2174 3619 Iosephi
2186 3545 2291 3616 prae-

1293 3620 1385 3690 clara
1412 3621 1475 3707 sit,
1507 3635 1613 3715 opto,
1643 3639 1683 3695 ut
1708 3624 1747 3692 in
1771 3620 1963 3694 Academia
1984 3622 2119 3694 diutius
2145 3647 2291 3692 manere

1294 3723 1423 3814 possit,
1453 3725 1517 3794 ubi
1539 3720 1656 3796 adhuc
1670 3721 1739 3796 Dei
1761 3727 1931 3796 beneficio
1954 3725 2083 3796 florent
2102 3723 2291 3797 literarum

1140 3859 1152 3885 .
1232 3867 1240 3884 ·
1293 3823 1421 3904 studia,
1448 3849 1487 3895 ec
1504 3825 1571 3896 tibi
1585 3852 1665 3896 eum
1683 3829 1905 3900 commendo.
1938 3825 2019 3897 Non
2037 3828 2158 3897 aderet
2172 3814 2292 3895 Chri-

1237 3919 1239 3924 ’
1292 3917 1489 4023 stophorus
1506 3921 1648 4013 Kittel,
1673 3953 1753 4000 cum
1777 3929 1982 4000 tabellarius
2004 3941 2117 4000 vester
2139 3922 2210 3998 huc
2229 3953 2292 3998 vc-

1293 4027 1357 4098 nit.
1380 4109 1385 4116 ,
1412 4025 1501 4098 Iussi
1526 4030 1635 4120 igitur
1659 4054 1740 4100 eum
1759 4031 1900 4106 accersi.
1952 4029 2088 4102 interea
2105 4031 2290 4100 neminem

1293 4127 1441 4200 Senatui
1463 4147 1579 4204 vestro
1601 4131 1774 4218 indicavi;
1803 4135 1886 4204 volo
1911 4132 2006 4202 eninr
2028 4133 2127 4222 prins
2142 4144 2175 4203 et
2192 4127 2290 4202 hunc

1294 4217 1604 4330 Chrestophorum
1627 4233 1752 4303 audire
1767 4229 1805 4329 ¹).
1856 4231 1995 4304 Caeteri
2011 4227 2212 4304 Birneuses
2227 4233 2290 4326 qui

243 4321 456 4399 Reuerendo
480 4326 575 4414 viro,
602 4323 805 4398 eruditione
827 4337 859 4398 et
886 4326 1015 4398 uirtute
1034 4327 1246 4423 praestanti
1293 4335 1422 4403 adsunt
1451 4358 1574 4403 omnes
1604 4329 1738 4406 habent
1771 4360 1835 4406 cur
1869 4335 1907 4405 in
1929 4330 2121 4406 Academia
2146 4359 2291 4404 manere

243 4426 299 4500 D.
322 4427 350 4499 I
357 4439 462 4501 usto
487 4426 516 4500 I
520 4453 636 4499 unue
662 4425 772 4503 Doct.
786 4425 824 4499 Τ
825 4423 940 4516 Aeol„
963 4425 1150 4528 Episcopo
1166 4429 1243 4500 Ec-
1294 4433 1432 4504 malint.
1491 4433 1535 4504 ln
1564 4433 1721 4506 Ecclesia
1755 4447 1917 4507 crescunt
1949 4437 2124 4530 pericula;
2169 4459 2292 4505 recens

245 4527 376 4602 alesine
412 4528 492 4601 Dei
529 4529 568 4600 in
603 4526 754 4600 Salinis
790 4525 992 4602 Saxonicis
1025 4533 1145 4605 amico
1175 4558 1244 4605 suo
1294 4534 1389 4604 enim
1407 4536 1473 4626 legi
1490 4537 1673 4630 epistolam
1692 4529 1897 4637 Campani,
1925 4540 1986 4632 qui
2003 4553 2149 4628 vagatur
2166 4537 2203 4606 iu
2226 4533 2293 4605 Iu-

433 4633 562 4709 eariss.
584 4625 787 4730 Phih'ppus
808 4627 1054 4713 Melanthon.
1294 4634 1451 4707 liecensi
1466 4640 1613 4725 ditione,
1628 4641 1668 4708 in
1684 4665 1753 4736 qua
1770 4641 1967 4726 minitatur,
1982 4664 2019 4710 se
2034 4640 2293 4712 labefactatum

242 3819 310 3890 No·
329 3761 444 3892 5481.

249 3917 462 3952 W
547 3913 549 3921 ’

629 4013 667 4102 Ι.
687 4022 839 4104 Ionae.

313 4169 336 4242 †
355 4169 392 4224 Er
411 4171 567 4244 apographo
585 4171 681 4227 Bavari
701 4171 800 4229 Vott.
818 4187 846 4242 p-
859 4171 919 4227 961.

244 4761 350 4853 SD.
384 4775 506 4897 lunago
520 4775 711 4864 Ecclesiae,
736 4803 842 4872 quarn
857 4747 978 4898 pingit
990 4777 1125 4900 Esaias,
1151 4807 1243 4877 quo·
1302 4783 1534 4908 Τ
1642 4861 1648 4874 1
1766 4861 1773 4876 ·
2010 4833 2013 4842 .
2130 4861 2136 4875 ι
2286 4865 2293 4878 ι

247 4859 2295 4988 ...,...1................,.,.....,.,.......1,ἕςςςιςῃιςςςῃςῃ,ςςςξςρςςςῃς..ςζςίὶχγιινεςςξςςςς

247 4983 286 5052 in
320 4983 485 5072 aspidum
514 5005 617 5072 specu
642 4983 822 5053 sedentem
850 4983 944 5068 inter
968 4983 1106 5074 aspides
1127 4999 1243 5056 tamen
1361 5004 1407 5065 pta
1421 4997 1495 5067 pust.
1511 4997 1545 5052 T.
1559 5003 1582 5055 1.
1596 5017 1625 5070 p.
1640 5001 1699 5054 1t7.

248 5083 394 5154 servari.
443 5081 562 5154 Huius
585 5106 642 5151 me
665 5075 807 5164 εἰκόνος
829 5083 1041 5174 cogitatione
1062 5087 1245 5174 confirmo,
1327 5077 1372 5146 ”l
1392 5077 1421 5132 ¹¹¹
1442 5079 1564 5152 ”¹³'⁸¹'¹¹²
1585 5099 1667 5136 ”¹¹⁰⁰
1681 5083 1776 5138 Banu
1796 5083 1962 5166 staupum
1978 5095 2032 5138 ‘⁸²²
2060 5082 2101 5137 Μ·
2114 5083 2147 5137 ¹*
2166 5083 2292 5152 (Mill

248 5199 289 5256 nt
304 5185 551 5277 tranquilliore
565 5184 685 5254 animo
700 5185 856 5278 pericula
873 5185 995 5269 ieram,
1016 5197 1052 5256 et
1065 5202 1243 5280 expertem
1362 5145 1576 5272 &deiciam
1588 5150 1639 5206 ἡκ
1652 5153 1771 5208 ‘⁰⁶⁰⁰‘
1788 5152 1842 5208 vie.
1856 5161 1934 5223 ’Μ’
1955 5153 1990 5206 ’ἀ
2002 5153 2191 5207 ensdorfium
2207 5155 2235 5207 d'
2251 5153 2293 5207 s..

248 5289 431 5358 coelestem
448 5284 702 5360 defensionem.
754 5284 827 5356 Nec
841 5285 987 5370 (iubilo,
1010 5287 1100 5380 quin
1114 5290 1244 5360 simili·
1327 5295 2295 5381 *ttGeraestumnoetesntpserssttsvsrm,tautdnstequtsnos

248 5389 315 5459 bns
331 5387 633 5458 consolationibus
650 5399 684 5455 te
700 5409 844 5480 quoque
859 5398 1040 5456 sustentes.
1066 5385 1158 5460 Nam
1175 5387 1243 5463 hu·
1362 5371 1572 5500 g‘ifjgol'fffl'
1613 5377 1716 5432 Addidi
1734 5396 1838 5432 nomen
1856 5395 1887 5432 ‘¹
1906 5377 2019 5451 epistola
2038 5379 2073 5432 ’ἆ
2091 5377 2292 5435 rabuciona.

248 5513 351 5558 mana
375 5513 482 5583 quam
503 5489 575 5558 siut
596 5487 738 5556 infirma
762 5487 847 5556 satis
872 5487 1083 5580 experimur.
1140 5489 1245 5566 Certe
1333 5529 1359 5597 t)
1378 5525 2067 5602 1’11.φ.11811111.1>111111.ᾱ.1111111516.
