4744 6254
258 345 336 424 646

388 477 526 594 Iusto
551 512 581 590 Ι
584 534 701 590 onoc
726 507 958 610 Theologiae
975 511 1136 586 Doctori

261 653 306 750 S.
328 671 374 747 D.
425 671 574 758 Coram,
598 681 640 742 ut
659 693 780 762 spero,
805 665 882 738 Deo
899 669 1044 738 iuvante
1058 669 1103 736 dc
1119 689 1159 736 ea
1174 657 1266 735 deli-

837 335 1280 430 EPISTOLARUM
1333 341 1445 422 LIB.
1478 343 1528 426 X.
1579 341 1714 427 1617.

1317 511 1532 592 Iohanni
1555 511 1873 614 Obcrburgie,
1898 503 2313 600 SecretarioCaroliV.

2244 345 2311 423 611

1601 617 1844 722 Imperatoris
1859 615 2039 698 Romani.

262 777 448 851 beratione
487 773 752 868 colloquemur,
794 773 838 840 de
872 795 941 865 qua
976 771 1095 841 literas
1129 766 1174 838 ad
1209 789 1265 837 mc
1316 751 1364 842 S.
1390 765 1436 843 D.
1488 763 1567 842 Etsi
1596 769 1754 862 exempla
1781 772 2036 842 moderationis
2058 786 2093 842 et
2114 772 2316 843 clementiae

263 875 538 972 Brnnswigam
572 874 713 948 misisti.
781 870 896 942 Video
930 872 1074 966 utrique
1101 868 1267 960 longiora
1318 872 1512 944 invictoria
1528 871 1669 942 recitari
1685 895 1725 940 er
1741 875 1919 946 veteribus
1937 869 2096 945 historiis
2111 877 2222 944 multa
2241 898 2317 965 pos-

264 983 370 1055 exilia
398 978 581 1072 proposita
612 999 707 1061 esse,
739 977 1003 1068 quaeferemns
1028 977 1266 1043 ducentenos
1319 988 1418 1048 sunt:
1453 987 1572 1046 tamen
1596 973 1726 1064 ingrati
1753 997 1925 1062 essemus,
1958 977 1988 1046 si
2012 977 2165 1048 aliorum
2193 979 2318 1068 potius,

261 1085 358 1158 Filio
374 1081 461 1162 Dei,
488 1079 553 1172 qui
575 1078 655 1149 ideo
678 1078 772 1146 sedet
794 1079 838 1146 ad
854 1079 1033 1148 dexteram
1048 1073 1183 1146 aeterni
1199 1069 1267 1142 Pa·
1321 1103 1425 1173 quam
1442 1074 1668 1167 imperatoris
1682 1065 1818 1147 Caroli
1829 1073 1984 1168 Augusti
2010 1079 2318 1149 mansuetudinem

264 1189 351 1272 eris,
382 1198 424 1254 ut
443 1185 540 1253 dona
559 1181 619 1250 det
641 1177 850 1250 hominibus
873 1179 1126 1249 invocantibus
1140 1177 1268 1268 ipsum·
1321 1207 1360 1250 ac
1385 1179 1565 1249 lenitatem
1589 1202 1965 1266 commemoraremus,
1991 1181 2054 1273 qui
2078 1204 2158 1251 cum
2178 1195 2280 1250 antea
2296 1177 2317 1274 ¹)

263 1283 363 1360 Mihi
386 1287 480 1356 levat
502 1281 714 1353 moestitiam
736 1282 952 1352 conscientia
971 1294 1084 1351 rectae
1101 1279 1269 1350 volunta-

1322 1281 1432 1374 captis
1455 1281 1597 1370 regibus
1619 1293 1652 1352 et
1676 1281 1820 1352 domitis
1843 1281 2067 1374 principibus
2090 1305 2220 1370 magna
2241 1307 2314 1351 cum

265 1392 332 1476 tis,
355 1402 390 1458 et
402 1385 515 1456 studii
531 1383 763 1455 illustrandae
778 1409 881 1454 verae
896 1384 1092 1455 doctrinae:
1127 1379 1196 1451 Sed
1214 1393 1268 1447 ta·
1321 1385 1425 1454 laude
1448 1383 1620 1477 pepercit:
1654 1395 1730 1453 tum
1751 1407 1835 1453 vero
1853 1383 1924 1452 iam
1941 1384 2071 1474 insigni
2090 1383 2252 1474 exemplo
2266 1383 2317 1452 vi·

264 1515 350 1563 men
375 1491 420 1559 ad
442 1485 535 1557 hanc
555 1487 831 1557 consolationem
849 1481 1005 1578 adiungo
1021 1485 1268 1574 cogitationem

267 1591 548 1687 promissionum
578 1589 794 1660 divinarum.
859 1581 1025 1656 Affirmat
1046 1587 1143 1658 Deus
1171 1607 1207 1651 se
1232 1581 1268 1648 in

268 1695 411 1767 afflictis
443 1689 617 1761 habitare.
679 1689 812 1760 Sumus
843 1689 953 1779 igitur
976 1687 1044 1759 Dei
1076 1683 1270 1762 domicilia,

268 1821 360 1893 quae
375 1809 410 1866 et
423 1806 521 1882 reget
537 1808 572 1862 et
584 1793 769 1864 custodiet.
800 1788 898 1861 Bene
915 1793 1003 1865 vale.
1027 1784 1132 1888 †Die
1149 1809 1270 1858 ascen-

267 1898 380 1969 sionis
394 1897 460 1966 blii
476 1895 542 1968 Dei
558 1895 597 1964 in
619 1891 789 1988 coelum.''

268 2239 339 2313 No.
354 2237 467 2309 5882.

279 2333 452 2366 Μ

1169 2264 1222 2280 —

1139 2323 1261 2352 M

656 2378 706 2470 G.
733 2382 906 2466 Maiori.
967 2449 975 2464 .

340 2543 428 2616 Epist.
446 2538 555 2624 tib3111.
573 2558 600 2613 p.
616 2539 673 2596 166.
691 2539 745 2608 (ed.
759 2537 849 2593 Lond.
866 2536 913 2593 lib.
926 2536 977 2618 lll.
994 2555 1036 2608 ep.
1050 2536 1116 2602 90.).
1134 2563 1169 2578 -
1196 2538 1273 2650 qu-

373 2607 1157 2759 ⁸1²⁹i2..¹.¹¹m⁰iiti.iii'i1ii,it⁴⁷.‘..‘¹n'i.dliziilli
1170 2607 1273 2731 sibim

373 2747 569 2803 Melantbonie.
605 2745 650 2804 Cl.
664 2765 706 2820 ep.
720 2745 748 2802 d.
764 2747 805 2803 17.
852 2746 895 2802 ati.

557 2897 982 2999 Georgio.Maiori

269 3023 313 3114 S.
329 3040 379 3113 D.
416 3033 598 3132 Exurge!
613 3031 720 3106 Deus
736 3042 767 3104 et
785 3029 1011 3128 dissipentur
1027 3030 1170 3103 inimici
1184 3031 1273 3108 eins.

270 3143 374 3215 Hanc
396 3141 636 3237 precationem
660 3135 768 3207 hodie
792 3137 832 3204 in
849 3127 1004 3205 Psalmo
1027 3133 1183 3205 Ecclesia
1203 3136 1274 3206 Dei

272 3258 392 3332 sonat,
416 3246 460 3315 ad
478 3244 580 3313 cuius
593 3253 677 3312 vota
693 3262 759 3309 nos
774 3261 916 3332 quoque
932 3251 1051 3308 nostra
1066 3250 1147 3309 vota
1165 3253 1198 3310 et
1212 3263 1273 3330 ge·

268 3349 383 3420 tuitus
398 3347 652 3432 adiungamus,
683 3365 724 3412 ac
740 3356 918 3434 petamus,
944 3355 984 3411 ut
999 3337 1113 3408 Filius
1129 3338 1197 3410 Dei
1218 3365 1273 3410 se-

268 3453 363 3520 dens
379 3449 424 3517 ad
439 3449 617 3517 dexteram
632 3442 701 3514 Dei
715 3443 847 3514 aeterni
862 3441 988 3523 Patris,
1013 3465 1080 3511 nos
1095 3444 1273 3528 defendat,

272 3577 313 3622 ac
333 3549 429 3642 piam
445 3561 481 3617 et
496 3548 684 3616 salutarem
700 3569 821 3637 pacem
837 3543 1006 3614 Ecclesiis
1023 3545 1154 3613 nostris
1171 3547 1273 3614 resti-

273 3668 361 3726 tuat.
420 3649 567 3722 Utinam
585 3645 792 3738 Principum
815 3641 1173 3744 πολυπραγμοσύναι
1197 3659 1291 3717 non'

274 3751 496 3824 miscuissent
512 3751 649 3844 privata
663 3751 804 3839 negotia
820 3773 943 3818 causae
960 3745 1150 3821 Ecclesiae.
1201 3748 1270 3821 Sed

274 3855 372 3926 Deus
385 3854 496 3924 leniat
509 3875 650 3946 poenas.
701 3849 832 3922 Coram
846 3853 890 3919 de
905 3851 1155 3922 communibus
1169 3875 1273 3922 aeru-

274 3957 388 4042 mnis,
414 3969 448 4026 et
459 3956 590 4025 nostris
607 3953 796 4024 itineribus
812 3953 1067 4045 colloquemur.
1117 3951 1221 4024 Meos
1235 3945 1290 4044 1),

274 4061 410 4233 i1n5tpqea
436 4057 558 4148 regite.
585 4050 711 4132 ,Bene
738 4056 826 4154 vale.
878 4050 946 4123 Die
973 4054 1007 4137 Ι)-
1030 4049 1275 4150 tiodiem&

899 4499 958 4567 24.
972 4498 1049 4562 Meti
1073 4498 1275 4582 (Eimbecaa.)

918 4593 1273 4642 W

571 4661 634 4747 Io.
666 4655 973 4774 Obernburgcb.

342 4817 420 4873 Edita
434 4819 554 4890 primurn
568 4815 701 4870 inManlii
714 4815 812 4888 sarrag.
826 4834 852 4886 p.
859 4818 902 4874 st.
916 4821 1006 4880 minna
1018 4832 1144 4878 accurate
1182 4835 1274 4896 postca

376 4886 516 4968 inselect.
529 4885 605 4967 epist.
620 4903 646 4954 p.
654 4885 730 4960 116,
744 4885 772 4939 io
787 4906 848 4969 epp.
862 4887 944 4945 Peuc.
960 4891 980 4946 l.
995 4911 1022 4962 p.
1033 4893 1106 4960 ten,
1117 4865 1229 4966 repetita
1245 4895 1273 4948 in

376 4955 574 5010 cetetonem.
588 4955 633 5006 bb.
644 4953 665 5008 Ι.
678 4973 719 5026 ep.
733 4955 775 5011 57.
792 4966 817 5009 et
830 4975 858 5010 tn
873 4957 943 5011 libro
959 4961 1005 5013 Vl.
1018 4961 1121 5031 epistol.
1136 4982 1162 5033 p.
1173 4963 1213 5018 17.
1227 4965 1272 5018 nbi

374 5021 651 5144 ³3²⁵ff‘i91¹²1,i·⁰iii⁰‘i
688 5041 816 5145 „mtegrap
841 5027 950 5146 qnidam
979 5029 1037 5082 siro
1061 5038 1184 5116 temporq
1209 5033 1272 5114 belli

374 5111 474 5230 ..tst'
486 5107 738 5240 Zaiia’affiii
751 5098 1271 5239 tt.:..¹¹tf‘.?¹13t⁰⁸'tt¹tt..lttt‘i

374 5227 473 5298 grapba
492 5247 519 5282 ιιι
541 5226 603 5286 cod.
624 5227 722 5287 bavar.
737 5231 760 5282 1.
779 5249 806 5300 p.
821 5231 899 5303 stt,
916 5233 977 5288 cod.
996 5235 1080 5288 Goth.
1090 5236 1149 5292 190.
1168 5257 1195 5308 p.
1211 5240 1254 5296 27.

369 5297 434 5352 cod.
449 5295 531 5350 Gotb.
545 5295 606 5350 26³.
630 5315 656 5367 p.
675 5297 738 5352 19b.
751 5307 778 5350 et
796 5299 857 5354 cod.
872 5301 955 5372 Lang.
977 5321 1005 5372 p.
1019 5305 1062 5358 20.
1106 5277 1272 5364 Versahalni

373 5375 440 5419 tunc
452 5366 610 5419 Melanthea
623 5367 723 5420 eculin
736 5367 876 5422 montibus
890 5367 1040 5442 Hercyniis.

301 5531 331 5602 *)
349 5531 467 5605 quitum
485 5531 652 5600 Brunevigre
667 5529 840 5585 versabantur
855 5549 918 5586 curn
934 5531 1051 5590 Maiore.

1322 1487 1469 1556 ctoriam
1491 1487 1695 1555 moderatus
1717 1497 1769 1554 est
1790 1485 1970 1555 collocatis
1986 1486 2115 1578 captivi
2129 1482 2243 1556 Ducis
2259 1483 2316 1556 Sa-

1322 1589 1449 1658 xoniae
1464 1581 1495 1682 ²)
1519 1587 1602 1655 liliis
1625 1586 1663 1654 in
1678 1584 1805 1656 amissa
1823 1582 2052 1661 haereditate.
2103 1583 2204 1658 Haec
2220 1587 2316 1659 boni-

1323 1704 1375 1760 tas
1397 1687 1473 1758 Deo
1497 1703 1594 1780 grata
1617 1700 1686 1772 est,
1718 1701 1754 1758 et
1775 1690 1927 1758 maxime
1949 1689 2167 1760 conveniens
2188 1713 2316 1760 summo

1322 1791 1474 1880 fastigio.
1525 1787 1699 1860 Existimo
1716 1802 1832 1859 autem
1850 1793 2057 1882 praecipuos
2075 1791 2173 1860 viros
2191 1791 2230 1861 in
2248 1791 2317 1860 aula

1325 1893 1458 1964 intueri
1480 1893 1519 1960 in
1535 1889 1684 1962 Domini
1701 1891 1875 1984 exempla,
1895 1906 1936 1963 -et
1953 1893 2100 1962 consilia
2115 1895 2161 1962 ad
2178 1895 2317 1962 salutem

1324 1995 1462 2085 generis
1487 1990 1634 2063 humani
1651 1993 1792 2062 referre.
1842 1992 1897 2062 Tc
1912 2009 2004 2064 certe
2022 2007 2057 2064 et
2070 2007 2200 2064 natura
2216 1994 2315 2086 placi·

1325 2101 1410 2166 dum
1428 2109 1463 2167 et
1476 2098 1672 2166 beneficum
1690 2117 1764 2164 esse
1781 2095 2036 2181 animadverti,
2061 2109 2095 2166 ct
2111 2089 2317 2190 sapientia')

1325 2199 1578 2291 doctrinaeque
1595 2199 1722 2270 studiis
1739 2197 1787 2268 ita
1804 2195 2073 2282 confirmatum,
2098 2211 2192 2269 utet
2210 2199 2253 2267 ad
2271 2196 2318 2267 iu-

1324 2302 1441 2370 stitiae
1454 2323 1619 2370 norruam
1631 2299 1751 2369 omnia
1765 2298 1914 2369 consilia
1930 2299 2061 2390 dirigas
2071 2294 2113 2395 ⁴),
2135 2297 2218 2394 ac‘)
2236 2293 2317 2368 hanc

1325 2403 1439 2472 lenire
1461 2401 1637 2496 aequitate
1659 2415 1695 2470 ct
1715 2401 1957 2471 misericordia
1972 2405 2131 2487 studeas,
2154 2415 2200 2472 ut
2214 2423 2317 2470 serves

1325 2499 1488 2574 homines
1500 2527 1575 2574 non
1590 2503 1715 2584 malos,
1740 2525 1894 2597 quorum
1906 2503 1946 2572 in
1961 2504 2142 2594 republica
2154 2527 2242 2574 usus
2255 2525 2317 2572 csse

1325 2619 1451 2699 potest.
1502 2604 1623 2695 Quare
1642 2605 1688 2676 ad
1703 2604 1904 2676 rescribere
1919 2628 2025 2678 ansus
2041 2629 2139 2692 sum,
2164 2627 2319 2676 mansue-

1325 2709 1449 2780 tudine
1470 2720 1505 2780 et
1529 2709 1700 2798 sapientia
1719 2709 1830 2778 fretus
1847 2721 1918 2778 tua.
1966 2704 2048 2778 Etsi
2063 2708 2161 2777 enim
2180 2709 2220 2778 in
2238 2704 2317 2777 Aca·

1325 2811 1442 2879 demia
1465 2811 1589 2900 oppidi
1605 2809 1791 2896 saxonici,
1824 2811 1924 2903 quod
1943 2810 2196 2902 oppugnastis,
2224 2810 2317 2878 luisse

1325 2935 1383 2981 me
1404 2913 1591 2998 confiteor,
1625 2926 1742 2982 tamen
1766 2937 1846 2982 eum
1870 2933 1967 2981 arma
1988 2937 2066 3000 non
2082 2911 2269 3001 gesserim,
2289 2921 2315 2976 et
2362 2969 2363 2976 ,

1326 3015 1523 3085 doctrinam
1543 3013 1772 3084 necessariam
1790 3013 1902 3100 vitae,
1927 3037 2159 3108 quaecunque
2176 3026 2274 3082 eraut
2285 3010 2317 3078 iu

1326 3116 1512 3207 republica
1540 3115 1770 3207 imperiorum
1804 3115 2053 3186 conversiones
2067 3110 2118 3210 ⁶),
2150 3111 2315 3186 iuventuti

1327 3218 1503 3288 bonafide
1521 3217 1743 3301 tradiderim,
1768 3215 1960 3310 aliqua'me
1973 3242 2034 3308 spe
2045 3219 2139 3288 vitae
2158 3229 2314 3286 sustento.

1327 3317 1379 3390 Ac
1409 3320 1528 3390 minus
1560 3315 1649 3388 mibi
1674 3320 1910 3390 irascerentur
1923 3315 1952 3412 7)
1975 3320 2063 3390 boni
2085 3331 2122 3390 et
2143 3319 2315 3411 sapientes

1326 3423 1356 3492 si
1372 3416 1403 3511 ⁸)
1419 3435 1582 3506 nossent,
1608 3421 1671 3514 qui
1686 3420 1756 3490 mei
1774 3414 1804 3512 ⁰)
1819 3421 1980 3504 dolores,
2002 3421 2065 3515 qui
2080 3443 2216 3506 sensus,
2242 3441 2315 3513 quae
2360 3411 2361 3436 ¹

1325 3523 1492 3594 voluutas
1523 3546 1659 3615 semper
1685 3521 1795 3591 scierit
1819 3525 1855 3593 ct
1883 3522 1988 3592 initio
2018 3523 2124 3608 belli,
2156 3537 2194 3596 ct
2215 3523 2315 3592 multo

1326 3639 1417 3709 ante,
1434 3649 1514 3695 cum
1530 3621 1572 3718 ²⁰)
1591 3626 1724 3694 semina
1740 3625 1828 3693 belli
1840 3647 2003 3717 spargere
2018 3626 2190 3698 viderem.
2228 3623 2316 3694 Nuu-

1326 3751 1432 3821 quam
1467 3751 1552 3820 opes
1582 3740 1643 3798 aut
1668 3727 1861 3819 potentiam
1887 3726 1999 3824 ullam
2026 3727 2084 3798 vel
2107 3726 2247 3818 speravi
2270 3721 2315 3794 rel

1326 3830 1475 3920 captavi.

1429 3929 1533 4001 Nunc
1553 3932 1663 4020 igitur
1682 3931 1831 4022 supplex
1854 3931 1899 3998 ad
1923 3941 1956 3999 te
1973 3926 2100 4019 venio,
2125 3942 2232 4023 teque
2246 3951 2316 4021 pro-

1318 4047 1405 4125 pter
1427 4033 1635 4124 religionem
1655 4034 1758 4104 etius
1774 4032 1992 4122 supplicum,
2022 4031 2117 4123 qnod
2134 4033 2240 4124 quale
2253 4031 2315 4100 lue-

1328 4137 1376 4206 rit
1391 4136 1430 4204 in
1446 4135 1506 4205 illa
1523 4136 1669 4204 meliore
1686 4134 1914 4226 antiquitate,
1941 4157 2020 4202 crem
2037 4133 2211 4225 scriptum
2227 4147 2284 4204 est:

1397 4247 1487 4332 ’μηδ’
1503 4247 1617 4315 ἀδικεῖν
1632 4247 1748 4334 ἱκέτας,
1772 4247 1867 4314 ἱκέται
1885 4245 1964 4330 iepoi
1975 4269 2008 4311 re
2022 4247 2073 4310 aral
2087 4243 2199 4332 cirvoI,

1328 4377 1401 4424 non
1422 4356 1564 4446 ignoras
1578 4349 1637 4442 ¹²),
1665 4379 1747 4438 oro,
1772 4367 1813 4424 ut
1836 4355 1941 4424 bonis
1963 4367 1997 4423 et
2009 4353 2122 4423 doctis
2138 4356 2246 4440 viris,
2265 4351 2315 4446 qui

1326 4491 1550 4506 m

1363 4565 1390 4630 1)
1409 4571 1498 4615 antea
1510 4563 1584 4616 abest
1597 4579 1611 4614 a
1624 4559 1730 4625 Menl.;
1748 4559 1810 4615 cod.
1824 4559 1905 4631 brug.
1919 4566 1992 4616 dne.

1364 4645 1392 4713 2)
1411 4646 1500 4700 Ducis
1515 4647 1663 4700 Sarrom'ae
1677 4662 1735 4698 non
1749 4644 1828 4699 babet
1841 4654 1926 4699 tectus
1938 4664 1999 4716 epp.
2012 4643 2117 4701 liavr.

1360 4728 1394 4798 6)
1411 4731 1579 4795 eopt'entiae]
1596 4730 1690 4798 blant,
1703 4729 1852 4804 coenan,
1870 4731 2201 4791 continuationem.
2214 4727 2313 4805 epp.Vl.

1359 4813 1388 4883 4)
1410 4813 1510 4868 Tertue
1523 4831 1585 4884 epp.
1602 4814 1650 4868 Vl.
1662 4815 1793 4881 dirigere.

1359 4897 1387 4966 5)
1406 4906 1435 4950 et
1452 4897 1515 4952 cod.
1529 4897 1615 4952 Geth.
1629 4899 1692 4954 268.
1704 4909 1731 4953 et
1745 4898 1806 4953 ced.
1819 4895 1905 4970 Lang·

1359 4983 1388 5050 6)
1409 4982 1440 5035 la
1460 4991 1533 5066 textu
1554 4999 1616 5052 epp.
1631 4983 1679 5038 lib.
1697 4982 1747 5042 Vl.
1767 4982 1822 5040 sic:
1848 4993 1877 5048 et
1889 5001 2071 5055 quaecunque
2087 4992 2127 5041 ad
2145 4991 2313 5058 imperiorum

1393 5068 1585 5105 conversiones
1598 5062 1738 5119 spectant.

1357 5134 1386 5204 7)
1405 5135 1482 5190 Text.
1497 5151 1557 5206 epp.
1572 5135 1621 5190 VI.
1640 5141 1809 5196 naseuntur.

1357 5221 1391 5292 8)
1408 5221 1485 5277 Text.
1501 5241 1561 5293 epp.
1570 5221 1682 5294 thut.

1356 5308 1385 5375 9)
1403 5309 1463 5360 mei
1478 5307 1567 5364 addidi
1581 5328 1595 5362 e
1607 5319 1668 5364 tert.
1680 5328 1740 5383 epp.
1757 5310 1804 5369 Vl.
1820 5323 1846 5369 et
1859 5312 1921 5370 cod.
1938 5313 2090 5371 Goliam.

1357 5391 1402 5459 10)
1421 5389 1496 5444 Text.
1510 5391 1627 5462 epp.Vl.
1640 5411 1735 5462 quam.

1356 5477 1401 5547 11)
1422 5476 1527 5530 Verba:
1545 5489 1572 5530 et
1589 5481 1632 5532 ius
1643 5483 1797 5547 supplicum
1806 5514 1839 5525 —
1850 5501 1909 5538 non
1922 5486 2047 5553 ignoras,
2060 5485 2217 5544 exciderunt
2228 5491 2312 5540 erecta

1390 5563 1452 5618 epp.
1463 5545 1507 5601 Vl.
1521 5548 1567 5601 sed
1581 5547 1716 5603 habeatur
1728 5550 1758 5604 in
1774 5551 1878 5609 Manlio
1891 5563 1918 5608 et
1930 5556 1959 5608 in
1974 5553 2054 5611 codd.
