4774 6264
226 390 300 474 ιιι
456 475 460 482 ,
822 331 1260 464 arrsrootruu
1307 375 1485 464 cruat
1537 375 1669 460 rsrr.
2212 373 2294 454 ssa

226 599 339 654 meua
360 597 420 652 sex
441 567 496 672 pii
515 582 551 646 et
564 557 663 642 docti
676 559 747 638 riri
760 557 848 636 hinc
861 561 907 633 ad
921 559 1057 633 vicinas
1070 555 1232 649 regiones
1285 556 1391 630 istinc
1402 555 1637 628 abducantur.
1669 545 1719 623 Et
1732 559 1928 622 conventus
1942 541 2177 622 Drasderrss‘s
2192 573 2297 620 nunc

235 682 462 766 missisunt,
493 673 557 772 qui
582 693 725 756 omnes,
754 679 797 738 ut
821 665 909 736 olim
935 663 1164 757 profitentur,
1199 679 1236 727 sc
1286 656 1431 754 quidem
1448 680 1545 750 spem
1561 655 1673 751 pacis,
1699 650 1766 724 Dei
1781 651 1973 738 beneficio,
1998 651 2175 738 ostendit,
2201 675 2297 746 quae

236 805 361 860 votem
374 777 563 871 Evangelii
582 795 711 869 puram
731 768 926 840 tradituros
947 787 1022 836 esse
1044 763 1119 835 suis
1134 759 1240 832 audi-
1287 761 1426 834 utiuam
1448 759 1494 831 sit
1516 761 1699 831 diuturna.
1751 741 1933 827 Garatom
1947 751 2206 847 Imperatorem
2228 777 2299 824 au-

238 887 390 962 toribus.
444 879 496 953 Et
516 889 599 950 ante
620 874 825 966 exploratur
846 891 971 940 eorum
993 863 1171 950 eruditio,
1200 872 1242 931 ut
1288 863 1407 936 dimus
1421 861 1566 934 rediisse
1579 854 1800 956 Augustam·
1825 854 1925 928 Bene
1938 857 2029 940 vale,
2050 853 2301 948 ditAugnsri,

241 1003 358 1064 antea.
415 981 489 1058 Res
512 981 589 1075 ipsa
611 973 781 1059 ostendit,
810 971 849 1040 in
872 969 978 1040 nobis
999 993 1065 1039 uec
1088 974 1241 1035 mentem

244 1113 311 1164 nec
325 1085 537 1162 seutentiam
551 1082 597 1152 de
609 1075 769 1151 doctrina
785 1084 956 1143 mutatam
973 1093 1058 1144 esse.
1095 1063 1243 1137 Publice

244 1194 356 1266 etiam
384 1202 420 1260 ct
448 1183 616 1281 privatim
651 1179 743 1248 finnt
769 1175 990 1267 precationes
1012 1193 1080 1264 pro
1103 1166 1244 1282 captivo
1302 1193 1371 1268 No·
1390 1191 1507 1269 8990ι
2133 1208 2193 1270 81.
2212 1194 2298 1284 Aug.

246 1293 429 1384 Principe.
478 1285 551 1358 Nec
564 1281 730 1356 audimus
746 1299 949 1372 quenquam
962 1269 1023 1344 hic
1037 1269 1128 1342 male
1143 1269 1246 1360 loqur
1291 1293 1506 1330 m
2121 1287 2298 1316 w...

249 1399 295 1472 de
315 1392 456 1487 captivo
468 1385 655 1478 Principe,
677 1401 746 1452 nec
765 1391 971 1470 paterentur
995 1375 1034 1446 id
1057 1367 1166 1444 huius
1181 1391 1246 1460 op-
1555 1359 1688 1448 Μίςή,
1722 1355 2034 1474 Meiengwggo·

250 1497 331 1594 pidi
348 1490 584 1584 magistratus.
634 1481 749 1553 Valde
768 1481 879 1570 igitur
903 1492 937 1549 tc
955 1501 1046 1596 oro,
1063 1497 1109 1544 uc
1126 1472 1247 1588 medas
1396 1523 1482 1598 ΕΜ
1500 1523 1595 1584 M
1610 1543 1638 1598 P·
1652 1525 1777 1598 mm·
1884 1563 1887 1570 .
1981 1527 1992 1558 v

251 1603 315 1688 ils,
339 1596 403 1692 qui
420 1617 487 1665 nos
508 1581 776 1662 autEccleslam
797 1577 905 1652 lruins
924 1581 1049 1672 oppidr
1061 1577 1249 1648 calumnas

251 1703 451 1778 deformare
465 1692 637 1774 ludent,
662 1707 813 1781 quarum
835 1683 980 1778 quidem
995 1703 1098 1774 spero
1115 1677 1250 1749 reluta-
1320 1675 1559 1758 Ms'cltoels'
1581 1676 1636 1756 M
1643 1677 1940 1776 siraburgs'o,
1965 1675 2114 1752 consuli
2128 1673 2276 1760 North.

254 1793 623 1882 mmmmm
638 1789 735 1869 ‘m’
763 1783 1010 1880 quilibmbit
1024 1804 1093 1852 ¹¹⁰⁸
1106 1804 1128 1850 a
1141 1797 1251 1848 vene·
1295 1813 1342 1905 S.
1365 1827 1413 1903 D.
1463 1825 1542 1900 Etsi
1564 1828 1804 1900 ratiocinabar
1822 1851 1886 1899 vos
1906 1828 1977 1900 iam
1998 1827 2043 1898 ad
2067 1823 2303 1902 Conventum

254 1905 349 1985 ΝΕ*
363 1896 510 1992 HPSPP·
559 1891 773 1964 (humum
789 1877 1253 1958 d⁰⁰⁸¹1⁰⁰⁰⁸inffidem
1298 1931 1474 2028 proiectos
1500 1953 1593 2017 asse,
1624 1931 1832 2022 praesertim
1863 1953 1944 2002 curu
1971 1929 2109 2000 vicinos
2138 1927 2304 2003 Comites

253 1977 1256 2192 gffisssifiggivfflgiffitguetngffmffl{ffliosslffg'g
1301 2037 1427 2108 scirem
1450 2033 1519 2104 iter
1540 2033 1714 2124 ingressos
1736 2055 1828 2118 esse,
1858 2031 1981 2124 scripsi
2002 2045 2138 2118 tamen,
2164 2057 2206 2104 ac
2223 2059 2306 2104 ma-

257 2235 341 2308 pem
357 2205 559 2300 captivum,
585 2210 619 2267 et
634 2191 853 2290 quotidianis
864 2189 1031 2284 lacrymis
1044 2200 1080 2256 et
1093 2181 1257 2277 precibus

262 2337 346 2392 eum
364 2307 442 2381 Deo
467 2299 695 2381 commendo,
719 2317 760 2364 ac
776 2289 893 2396 Deum
913 2313 998 2376 oro,
1021 2303 1061 2360 ut
1084 2286 1258 2356 liberetur

260 2440 304 2493 uc
329 2420 484 2501 regatur.
538 2397 637 2473 llaec
664 2419 745 2468 cum
771 2395 841 2464 sint
873 2391 1074 2470 vemssima,
1108 2387 1257 2456 miratus

219 2495 228 2516 '
263 2539 345 2593 sum
359 2509 550 2584 vaniorem
567 2495 866 2591 erramusque
882 2494 968 2579 rurs,
993 2491 1057 2586 qur
1072 2483 1163 2560 maht
1177 2499 1258 2558 an.

262 2636 337 2694 tem
349 2609 592 2686 crudelitatem
605 2599 744 2682 tribuit,
764 2610 806 2668 ut
819 2595 958 2680 dixerit,
981 2618 1039 2664 mc
1053 2592 1160 2662 otiam
1177 2610 1261 2680 pre-

264 2719 439 2796 cationem
461 2703 666 2803 probibere:
695 2701 755 2771 sed
771 2695 887 2769 Deum
900 2721 984 2779 oro,
1009 2710 1049 2766 ut
1063 2689 1259 2764 Ecclesiam

266 2844 366 2895 suam
392 2822 508 2887 servet
534 2807 686 2899 ubique,
713 2813 749 2870 et
770 2823 839 2870 nos
857 2798 992 2891 alioqui
1013 2791 1261 2866 afflictissimos

190 2975 196 2988 ·
264 2926 394 2996 liberet
408 2941 428 2987 a
441 2911 573 2986 talibus
587 2901 785 2976 calumniis.
809 2897 907 2970 Bene
921 2899 1009 2970 vale.
1033 2887 1260 2966 Diesaatu-

268 3023 363 3121 gusti
377 3015 423 3115 ¹),
455 3036 526 3110 quo
543 3009 602 3082 die
615 3005 813 3076 celebratur
828 3000 999 3072 memoria
1014 2997 1111 3066 necis
1126 2989 1260 3065 lohan-

267 3127 325 3201 nis
342 3117 542 3212 Baptistae,
575 3130 665 3204 quae
687 3127 754 3176 nos
774 3099 1044 3176 commonefacit
1064 3099 1109 3168 de
1130 3097 1262 3166 docen-

267 3231 360 3304 tium
370 3213 562 3294 aerumnis.
612 3207 801 3290 Fer-amus,
824 3216 867 3275 ut
881 3203 942 3272 ille
960 3201 1063 3284 tulit,
1086 3195 1259 3281 miserias,

269 3343 305 3405 et
317 3326 395 3400 Deo
416 3340 483 3390 uos
506 3309 804 3386 commendemus.
853 3301 949 3374 Novi
963 3327 984 3372 a
997 3299 1263 3396 quibusoriarr·

267 3451 329 3508 tur
343 3421 412 3498 hae
425 3417 578 3492 fabulae.
627 3408 726 3482 Haec
742 3405 964 3496 scripsi'meo
980 3417 1016 3474 et
1029 3401 1074 3476 D.
1091 3395 1263 3469 Pastoris

270 3550 305 3612 et
320 3517 513 3618 Cracigeri
528 3512 694 3622 nominc,
722 3509 787 3605 qui
803 3507 871 3578 tibi
886 3506 1035 3577 salutem
1053 3514 1189 3596 optant.

1300 2137 1445 2211 luissem
1469 2135 1544 2228 ipse
1567 2134 1657 2204 istuc
1682 2155 1882 2216 accurrere,
1909 2133 1980 2202 nisi
1994 2156 2052 2202 me
2065 2132 2307 2230 Typographi

1300 2239 1506 2310 retinerent.
1555 2235 1609 2308 De
1624 2231 1782 2306 Ecclesia
1804 2247 1938 2318 vestra,
1965 2236 2236 2329 quamprimum
2261 2239 2308 2307 ad

1301 2340 1424 2412 Albim
1443 2337 1554 2422 redii,
1577 2337 1714 2431 suscepi
1737 2359 1858 2408 curam
1879 2338 2074 2433 quaerendi
2092 2337 2215 2408 idonei
2234 2337 2310 2408 Pa·

1301 2443 1418 2514 storis.
1468 2437 1517 2510 Et
1538 2440 1738 2558 ostpnderat
1760 2437 1906 2533 quidam
1929 2439 2004 2518 vir,
2029 2439 2155 2509 doctus
2176 2455 2212 2512 et
2235 2435 2309 2511 ho-

1302 2559 1440 2626 nestus,
1472 2535 1670 2636 Mugssler
1688 2532 1872 2634 Georgius
1895 2535 1986 2611 Stat
2001 2529 2061 2635 ¹⁵),
2105 2541 2310 2613 sciturum

1305 2669 1378 2717 esse
1392 2646 1525 2718 advos.
1575 2641 1669 2714 Dedi
1684 2639 1795 2732 igitur
1808 2641 2022 2732 ingredienti
2035 2643 2104 2711 iter
2118 2643 2245 2714 literas
2262 2647 2310 2714 ad

1304 2771 1379 2822 vos.
1405 2745 1475 2817 Sed
1492 2757 1573 2838 post
1585 2758 1656 2816 tres
1669 2746 1882 2837 septimanas
1898 2743 2071 2828 rescribit,
2095 2766 2133 2812 se
2147 2743 2186 2813 in
2200 2769 2311 2816 mor·

1303 2853 1389 2922 bum
1422 2848 1608 2932 incidisse,
1645 2859 1682 2916 et
1706 2859 1825 2938 postea
1850 2866 1871 2917 a
1895 2843 2062 2938 Principe
2091 2837 2312 2920 Acholtirro

1314 2943 1561 3048 ersgango
1584 2960 1764 3040 rogatum,
1797 2971 1844 3018 ne
1866 2971 1907 3017 er
1929 2963 1992 3019 sua
2008 2943 2165 3052 Ecclesia
2188 2950 2313 3020 disce-

1297 3056 1425 3138 deret,
1466 3064 1508 3124 ut
1538 3052 1726 3122 ostendent
1757 3049 1898 3134 literae,
1936 3071 2024 3142 quas
2055 3039 2111 3120 his
2142 3049 2312 3126 adiunxi.

1305 3155 1433 3226 Postea
1454 3153 1566 3243 ‘igitur
1586 3149 1696 3223 alium
1719 3145 2073 3246 quendathortatns
2089 3154 2230 3221 samad
2249 3177 2314 3222 ve-

1307 3272 1399 3328 strae
1414 3251 1591 3328 Ecclesiae
1606 3253 1900 3345 gubernationem
1916 3253 2175 3344 suscipiendam
2190 3257 2260 3324 sed
2278 3271 2314 3326 et

1306 3354 1366 3426 hic
1387 3357 1561 3428 retinetur
1584 3379 1605 3424 a
1628 3355 1712 3429 suis.
1777 3352 1887 3426 Redii
1911 3353 2021 3448 igitur
2045 3357 2089 3425 ad
2112 3349 2314 3425 Andream

1307 3455 1594 3551 Ηεῦινμιιειηι,
1619 3449 1725 3549 quem
1741 3452 1937 3540 audivistis,
1962 3455 2204 3546 etgravitatis,
2229 3482 2315 3530 mo-

1309 3559 1441 3631 destiae
1462 3571 1498 3630 et
1520 3557 1732 3629 eruditionis
1750 3557 1891 3628 laudem
1917 3553 2048 3627 habere
2070 3580 2149 3630 eum
2174 3559 2316 3632 iudico.

1149 3695 1152 3703 ·
1282 3605 1289 3724 i
1309 3661 1380 3733 Hic
1402 3660 1467 3732 etsi
1486 3673 1631 3731 vocatus
1645 3673 1697 3732 est
1712 3660 1757 3730 ad
1771 3657 1902 3729 Aulam
1924 3657 2164 3749 Torgensem,
2186 3673 2316 3734 tamen

272 3735 1259 3806 ww*
1311 3763 1493 3835 vobiscum
1509 3762 1630 3832 mallet
1646 3784 1738 3847 esse,
1762 3774 1798 3833 et
1813 3759 2013 3854 promittit,
2036 3784 2073 3831 se
2089 3761 2317 3836 serviturum

385 3919 461 3998 939
723 3911 726 3916 -
1107 3910 1165 3974 30⁸
1182 3853 1268 3984 Aug:
1311 3863 1491 3936 Ecclesiae
1517 3877 1670 3949 vestrae,
1705 3865 1766 3932 sed
1797 3863 1864 3948 ita,
1896 3875 1938 3933 ut
1960 3865 2064 3934 detur
2087 3863 2317 3957 stipendium

244 3929 488 4062 Μ
550 3975 556 3994 ’
1087 3993 1261 4024 ww
1313 3967 1412 4038 aurei
1440 3977 1582 4036 centum
1611 3979 1646 4036 et
1667 3963 1811 4054 viginti,
1838 3977 1872 4035 et
1894 3962 2132 4052 trumentum,
2165 3967 2211 4036 dc
2241 3995 2319 4063 quo

559 4108 590 4196 ι
611 4109 642 4193 h
673 4108 750 4191 nm·
768 4105 967 4187 minimo
1314 4092 1429 4162 nuper
1442 4067 1532 4137 facta
1550 4079 1601 4136 est
1615 4067 1768 4150 mentio,
1794 4065 1936 4134 videtur
1947 4066 2072 4158 petitio
2089 4089 2164 4137 non
2182 4068 2319 4143 absur-

587 4139 611 4193 ⁰
644 4135 672 4192 a
783 4193 787 4200 ·
968 4162 980 4187 ⁴
1314 4175 1370 4242 da.
1421 4169 1479 4240 Dc
1492 4159 1678 4238 Milichie
1698 4181 1732 4238 ct
1748 4167 1822 4258 ipse
1838 4180 1935 4254 orat,
1961 4182 2071 4238 etoro
2086 4189 2169 4259 ego,
2195 4195 2320 4264 quan-

340 4295 429 4368 Epist.
441 4290 491 4347 tit.
502 4287 539 4345 ¹¹·
556 4303 585 4358 t·
597 4284 657 4341 ⁵⁸⁹·
676 4282 732 4354 (aa.
744 4278 833 4336 1⁸⁰⁰&
851 4275 899 4334 ΠΒ·
913 4275 948 4331 ¹¹·
965 4291 1008 4348 ι1)·
1021 4273 1109 4343 619·)·
1248 4359 1252 4366 ⁴
1314 4287 1390 4345 tum
1415 4272 1580 4363 potestis,
1612 4271 1702 4340 detis
1725 4278 1888 4362 op'eram,
1920 4283 1962 4340 ut
1983 4267 2321 4347 Francolurdiauus

1315 4373 1467 4447 Senatus
1489 4397 1570 4443 eum
1594 4372 1770 4441 conducat
1791 4383 1961 4466 tanquam
1981 4367 2176 4448 Medicum.
2240 4375 2321 4449 Sti.

276 4459 493 4550 Iohanni
514 4451 704 4530 Μῖηἷέῗῑθ
727 4476 795 4523 ⁸¹¹⁰
820 4451 913 4542 (mm
939 4437 1169 4522 NWHWW
1193 4467 1270 4515 ‘’⁶''
1314 4475 1485 4570 pendium
1511 4473 1541 4544 si
1573 4473 1640 4544 erit
1668 4473 1863 4558 mediocre,
1899 4496 1974 4542 nou
1995 4467 2144 4544 habebit
2166 4475 2321 4567 longam

427 4561 533 4640 sanit'
557 4583 637 4632 ΝΜ
658 4550 821 4656 familia
837 4541 1119 4646 mammis)
1314 4577 1603 4670 disputationem.
1661 4571 1823 4662 Quaeso,
1856 4597 1921 4664 pro
1943 4587 2058 4645 vestra
2080 4568 2324 4668 humanitate,

278 4707 332 4800 S··
349 4720 396 4794 D.
452 4708 668 4787 Charissimc
692 4697 903 4783 Iohannes,
936 4696 1015 4774 Oro
1037 4696 1155 4770 Deum
1177 4701 1272 4770 ritae
1315 4694 1356 4752 1¹1
1373 4674 1466 4750 hant
1480 4701 1553 4747 rem
1570 4675 1759 4766 diligenter
1774 4677 1922 4794 curetis..

278 4832 430 4904 fontem,
454 4831 496 4887 ut
515 4813 582 4884 tibi
596 4805 753 4900 corporis
768 4819 802 4873 et
818 4803 956 4874 animae
971 4804 1064 4872 vires
1077 4815 1271 4887 conservet,
1414 4777 1640 4898 commus,
1661 4791 1703 4847 ut
1718 4799 1781 4896 ego
1798 4791 2010 4895 ratrocrnor,
2035 4799 2130 4848 nova
2145 4779 2242 4851 bella
2261 4809 2325 4856 ac-

280 4953 319 4998 ac
341 4923 442 4994 valde
464 4930 496 4986 te
513 4911 700 4996 adhortor,
724 4921 765 4978 ut
778 4905 891 4975 victus
908 4922 941 4974 et
955 4904 1170 4974 valetudinis
1189 4918 1270 4973 tuae
1316 4883 1442 4952 candet
1464 4905 1502 4949 ¹¹¹
1517 4878 1666 4997 Sue-vm
1692 4891 1727 4948 et
1741 4901 1780 4946 m
1796 4878 1961 4950 Saxonra.
2012 4875 2110 4950 Deus
2126 4898 2250 4954 servet
2264 4911 2325 4956 m.

280 5047 383 5100 causa
406 5021 452 5101 ad
476 5039 541 5086 nos
564 5013 695 5084 venias.
745 5004 911 5096 Magistri
928 4993 1096 5101 Corpori
1113 5005 1269 5074 reditum
1316 4983 1445 5092 liquias
1459 4978 1639 5099 chlfflae
1660 5003 1761 5065 Suae,
1788 4995 1825 5051 et
1843 4993 1959 5051 servet
1974 5003 2035 5100 vos
2053 4995 2088 5100 et
2103 4976 2326 5059 honestissi-

280 5137 439 5220 expecto,
471 5131 532 5188 ant
559 5129 650 5186 certe
677 5111 816 5194 literas,
845 5120 887 5178 ut
916 5108 960 5177 de
983 5119 1043 5178 tua
1066 5105 1269 5177 valetudine
1315 5109 1409 5204 fflpm
1438 5103 1623 5203 epnrugem
1654 5094 1825 5166 vestram,
1859 5094 1894 5151 et
1920 5081 2145 5200 dulcissrmos
2170 5085 2326 5166 liberos,

280 5228 430 5302 certiora
446 5239 663 5307 cognoscam.
694 5209 834 5281 Vellem
848 5223 883 5279 te
897 5209 981 5279 vino
994 5207 1047 5278 uti
1060 5219 1272 5297 etsumptus
1315 5184 1508 5257 Dialectrca
1531 5183 1691 5280 absoluta
1712 5184 1755 5252 arl
1781 5207 1866 5268 vos,
1889 5177 1968 5252 Deo
1985 5197 2151 5266 rorante,
2177 5191 2328 5264 redibo,

282 5353 355 5402 ιιοιι
379 5335 546 5394 metuere.
605 5311 723 5385 Audio
746 5310 848 5382 brevi
868 5302 1046 5394 futurum,
1079 5321 1119 5378 ut
1140 5307 1271 5380 milites
1316 5285 1418 5459 {3323
1435 5299 1471 5358 ⁰²
1489 5285 1640 5356 fsslicilflr
1664 5285 1789 5360 valete·
1838 5282 1960 5355 Pridie
1973 5281 2329 5482 Caleffissgpjluepnb.

1320 5509 1517 5528 Μ

314 5593 345 5660 t)
362 5581 434 5644 cot.
450 5575 562 5636 Monac.
573 5572 618 5628 9⁰.
632 5573 676 5625 dte
690 5569 736 5624 27.
750 5568 840 5638 Aug..
862 5585 891 5624 er
906 5563 1018 5622 urendo.
1107 5650 1112 5656 η
1356 5565 1385 5632 *)
1405 5563 1436 5619 ln
1451 5563 1532 5636 epist.
1544 5560 1643 5635 scripu
1661 5536 1742 5623 dio,
1757 5561 1829 5634 Aug.
1845 5551 2079 5641 conensem.
2091 5565 2215 5624 Schrsll.

286 5491 491 5514 ,,,,,,....-
