4682 6254
998 166 1031 230 0

66 322 142 400 441
656 316 1088 398 EPlS'l'OLARUM
1152 323 1344 403 htux,
1405 319 1541 400 1547.
2042 323 2120 399 442

66 495 290 568 Dialecticen
313 495 408 566 enim
433 507 554 566 retexo
572 489 622 590 ⁸),
648 519 758 589 quare
779 520 854 567 non
878 497 1004 590 procul
1024 497 1070 568 ab
1124 493 1237 567 vidis:
1269 495 1380 570 Dabit
1392 494 1489 569 Deus
1509 498 1614 568 nobis
1635 496 1772 592 aliquid
1787 497 1876 570 boni
1891 521 1957 590 pro
1972 492 2030 567 bis
2045 519 2123 568 ma-

64 598 211 670 officina
241 593 493 692 typographica
523 597 643 668 abesse
672 599 814 670 decrevi
839 601 952 670 donec
973 597 1071 670 Deus
1122 601 1273 674 ledictis.
1331 598 1447 672 Deum
1471 615 1652 672 aeternnm
1673 597 1814 671 Patrem
1836 597 1986 672 Domini
2010 599 2124 670 nostri

67 703 240 772 concedat
253 695 284 796 9)
303 697 387 771 huic
400 701 479 772 loco
495 694 537 790 ¹⁰)
555 693 746 774 ἆλκυόνια.
786 697 933 774 Obtulit
947 698 1071 795 hospi·
1125 700 1204 774 lesu
1218 700 1352 774 Christi
1376 727 1460 790 oro,
1492 717 1533 776 ut
1556 717 1590 775 te
1607 718 1641 774 et
1655 716 1793 773 nostras
1807 699 1983 773 Ecclesias
1998 701 2122 773 desen-

64 805 159 876 tium
182 791 403 874 Camerario
430 817 464 874 ct
487 798 579 871 milri
599 804 704 874 etiam
726 804 883 877 Senatus
898 803 1072 875 Noriber-
1124 806 1202 892 dat,
1226 821 1340 876 servet
1355 820 1389 876 et
1405 820 1512 896 regat.
1564 804 1662 876 Bene
1679 805 1768 880 vale.
1820 797 2047 902 †Servestae
2064 803 2123 880 19.

65 905 198 998 gensis.
250 903 320 976 Sed
334 918 455 998 postea
472 905 606 989 audivi,
632 896 812 982 Carnium
824 908 1005 991 mandare,
1031 919 1073 976 nt

66 1001 263 1078 Osinnder
277 1022 311 1078 et
329 1001 374 1082 V
371 1005 445 1077 itus
463 1007 684 1100 expellantur
701 1033 742 1078 ex
758 1011 847 1081 urbe
861 1007 1071 1098 Noriberga.

67 1108 121 1182 lta
144 1110 316 1204 paulatim
337 1111 492 1181 ostendit
506 1133 626 1180 veram
642 1133 805 1196 causam,
831 1107 1071 1182 0001100100-

66 1227 147 1284 tum
181 1227 218 1284 et
251 1213 475 1305 parricidiale
508 1212 644 1282 bellum
675 1213 886 1286 accenderit.
950 1209 1072 1284 Audio

64 1331 103 1388 et
135 1315 326 1404 collegium
352 1309 676 1410 Magdeburgense
701 1317 829 1406 eligere
854 1312 1071 1408 Episcopum

63 1419 185 1490 lilium
212 1410 473 1499 Marchionis,
507 1441 552 1486 ne
584 1417 674 1488 desit
704 1419 851 1489 materia
882 1419 1072 1491 bellorum.

64 1519 268 1592 Historiam
289 1521 333 1590 de
355 1534 457 1612 capto
478 1511 708 1589 Mantiane
732 1515 884 1590 alberto
907 1521 1010 1592 etiam
1037 1534 1072 1591 te

65 1623 160 1694 seire
179 1623 346 1696 arbitror.
399 1617 625 1692 Tridentino
642 1624 799 1717 synodus
813 1623 926 1695 edidit
941 1623 1071 1694 articu-

64 1727 146 1796 lum
175 1727 221 1794 de
249 1723 522 1810 iustificatione,
548 1728 694 1796 damnat
722 1749 843 1795 veram
874 1727 1071 1796 doctrinam

64 1823 260 1898 horrendis
292 1827 466 1919 portentis
488 1829 692 1898 verborum.
753 1825 874 1916 Quare
893 1829 1071 1897 vindicem

66 1953 153 2001 suae
171 1929 305 2020 gloriae
320 1927 436 2000 Deum
459 1931 535 2000 fore
556 1953 678 2022 spero,
703 1942 739 1999 et
755 1931 859 2000 nobis
874 1955 913 2000 ac
931 1928 1073 2000 veritati

65 2033 330 2128 opitulaturum
349 2055 432 2106 esse.
468 2029 560 2103 Cum
575 2055 740 2124 accepero
757 2032 935 2122 integrum
952 2035 1073 2103 decre-

67 2151 147 2206 tum
164 2137 209 2206 de
227 2159 267 2205 eo
284 2135 454 2219 articulo,
480 2135 602 2219 edam,
630 2147 664 2204 et
678 2135 928 2206 refutationem
944 2137 989 2205 ad
1004 2133 1074 2207 Ca-

66 2239 189 2308 rolum
214 2237 332 2329 ipsum
354 2230 516 2310 scribam.
577 2234 630 2304 Te
652 2259 757 2326 rogo,
782 2251 823 2307 ut
845 2261 948 2329 saepe
968 2238 1073 2308 nobis

68 2340 216 2413 scribas.
259 2337 461 2408 Benevale.
497 2334 566 2409 Die
586 2336 645 2410 17.
659 2336 786 2408 Martii
800 2335 838 2436 ¹¹)
863 2337 974 2414 1647.
1010 2338 1073 2408 Li-

67 2457 164 2512 teras
195 2441 328 2512 mittito
358 2443 403 2511 ad
425 2434 629 2533 Georgium
653 2435 848 2511 Maiorem
880 2443 919 2510 in
947 2442 1074 2511 urbem

66 2540 343 2637 Parthenopen,
368 2569 449 2614 cum
464 2540 556 2613 mihi
571 2543 700 2614 scribes
718 2539 772 2639 ¹²).

717 2641 785 2716 Pb.
798 2640 1025 2719 Melantbon.

663 3007 718 3070 19.
733 2997 822 3064 Mart.
839 2997 1037 3080 (Servestaa.)
1060 3097 1073 3110 α
1092 2933 1096 2954 ¹

611 3094 1059 3134 Μ

324 3263 328 3268 =
456 3203 506 3288 P.
536 3203 687 3294 Etero.

143 3365 287 3442 1101011111.
302 3366 337 3422 ll.
354 3384 381 3438 p.
396 3365 455 3420 174.
476 3365 538 3434 (ed.
550 3365 638 3421 Laud.
657 3366 705 3422 lib.
718 3365 752 3421 ll.
771 3385 813 3440 ep.
827 3365 906 3436 168).
929 3395 963 3408 -
999 3368 1074 3440 Apo·

177 3433 277 3509 grapho
291 3437 320 3490 10
336 3435 418 3494 0088.ι
435 3433 571 3492 (10180010
584 3435 641 3493 191.
659 3437 744 3508 078.
758 3438 858 3492 01401.
877 3455 904 3506 p.
919 3437 963 3494 14.

81 2999 153 3070 No.
167 2997 281 3074 8786.

74 3097 295 3134 Μ

1124 906 1233 982 Mart
1248 905 1328 982 tu·
1352 913 1437 994 (ma.
1456 915 1506 994 1.)

1136 1208 1202 1282 No.
1221 1209 1334 1284 8787.

1135 1309 1347 1344 Μ

1959 1221 2018 1284 20.
2034 1211 2124 1277 Mart.

1465 1359 1506 1449 C.
1540 1359 1782 1474 Crucigern
1921 1349 1924 1358 ’
1952 1303 2124 1331 Μ

1194 1527 1283 1584 Manl.
1300 1527 1399 1598 farrag.
1422 1546 1450 1600 p.
1468 1525 1556 1585 8490.
1590 1527 1659 1582 Mel.
1675 1527 1777 1604 §elect
1795 1527 1873 1598 epist.
1891 1544 1919 1598 p.
1938 1527 2001 1584 440.
2037 1524 2125 1598 Epist.

1228 1598 1276 1652 lib.
1292 1599 1311 1653 l.
1330 1618 1357 1671 p.
1371 1597 1433 1651 268.
1453 1597 1508 1664 (ed.
1520 1597 1609 1653 Laud.
1629 1595 1675 1653 lib.
1689 1596 1709 1655 1.
1728 1616 1770 1669 ep.
1783 1597 1849 1666 89).
1868 1623 1902 1640 -
1936 1595 2124 1669 Apograpbon

1227 1668 1255 1720 in
1269 1668 1333 1724 cod.
1347 1665 1505 1725 60110401.
1525 1685 1553 1738 p.
1567 1666 1594 1724 8.

1202 1819 1415 1924 Casparo
1442 1819 1699 1919 Crocigero
1726 1820 1784 1897 D.
1801 1817 2051 1921 Theologiae,

1124 1956 1171 2048 S·
1200 1972 1245 2048 D.
1295 1969 1485 2074 Quicquid
1497 1975 1582 2062 erit,
1608 1969 1823 2072 superanda
1837 1973 1956 2045 omnis
1963 1975 2128 2073 fortuna

1117 2072 1278 2175 serendo
1294 2085 1357 2159 est,
1376 2079 1494 2172 inquit
1509 2079 1570 2148 ille
1584 2080 1666 2148 satis
1682 2079 1850 2169 gloriose;
1872 2101 1938 2148 nos
1955 2079 2127 2148 addamus

1124 2181 1364 2278 βοηθοῦντος
1380 2175 1423 2280 ys*
1439 2180 1546 2254 θεοῦ.
1572 2179 1664 2251 Nam
1679 2181 1755 2250 sine
1771 2181 1981 2272 divinaope‚
1993 2204 2039 2249 ne
2049 2179 2130 2272 qui-

1127 2287 1209 2355 dem
1231 2283 1400 2355 sustineri
1422 2286 1513 2354 tanti
1534 2285 1662 2356 lluetus
1685 2297 1853 2377 possunt,
1890 2283 2034 2376 quantis
2057 2280 2128 2350 iam

1128 2387 1253 2482 cymba
1294 2399 1414 2456 nostra
1448 2387 1661 2459 concutitur.
1731 2385 1814 2456 ldeo
1849 2383 2129 2455 consolationem

1127 2485 1221 2558 banc
1234 2484 1330 2557 Deus
1351 2487 1455 2558 toties
1479 2489 1645 2574 tradidit,
1671 2488 1893 2558 domicilium
1915 2511 2018 2557 suum
2035 2485 2129 2556 01111-

1129 2605 1202 2663 ctos
1219 2613 1310 2675 esse,
1336 2590 1399 2682 qui
1416 2591 1530 2680 ipsum
1548 2591 1728 2663 invocant.
1769 2588 1857 2660 Tria
1873 2585 1901 2686 ¹)
1921 2603 2015 2660 certe
2030 2588 2129 2678 signa

1129 2692 1271 2786 propria
1289 2688 1467 2761 Ecclesiae
1482 2692 1553 2762 Dei
1569 2692 1839 2784 conspiciuntur
1854 2692 1895 2760 in
1910 2704 2032 2761 nostro
2049 2714 2131 2760 coe-

1128 2810 1186 2892 tu,
1212 2793 1324 2866 Sonat
1338 2796 1433 2885 apud
1449 2819 1514 2864 nos
1529 2819 1597 2864 vox
1612 2791 1818 2884 Evangelii,
1844 2794 2052 2864 invocamus
2068 2815 2131 2860 ve-

1057 2913 1067 2926 ·
1128 2900 1177 2968 ris
1199 2896 1406 2987 gemitibus,
1432 2911 1466 2967 et
1490 2892 1648 2968 hostium
1670 2897 1796 2967 rabies·
1807 2909 1961 2966 extrema
1973 2894 2131 2976 =minita-

1128 3015 1202 3072 tur:
1229 2995 1262 3069 E
1276 3013 1398 3070 contra
1413 2996 1532 3072 hostes
1543 3000 1727 3070 manifeste
1738 3012 1915 3070 conantur
1927 2998 2132 3086 extinguere

1128 3104 1244 3172 lucem
1269 3099 1474 3192 Evangelii,
1509 3117 1543 3173 et
1571 3101 1753 3194 perfidiosi
1779 3101 1884 3173 amici
1907 3113 1982 3172 arte
2007 3099 2132 3192 oppri-

1128 3218 1242 3275 munt.
1283 3202 1464 3276 lnvocatio
1479 3199 1610 3275 horum
1627 3201 1657 3300 ²)
1683 3229 1773 3300 quae
1791 3227 1865 3276 esse
1880 3203 2020 3296 potest?
2060 3198 2132 3272 Po-

1129 3323 1260 3380 stremo
1280 3307 1395 3377 securi
1419 3303 1660 3400 triumphant,
1693 3320 1756 3379 aut
1778 3333 1820 3378 er
1838 3306 2004 3399 periculis
2019 3327 2055 3374 se
2071 3327 2132 3373 ex-

1129 3411 1279 3495 trinam,
1310 3422 1352 3479 ut
1372 3401 1519 3506 101βοοξ
1537 3411 1653 3506 ruptis
1667 3411 1820 3481 maxillis
1835 3405 1943 3480 hamo
1962 3432 1998 3480 se
2014 3405 2131 3497 eripit.

999 3559 1004 3568 ·
1129 3509 1286 3583 Oremus
1317 3511 1427 3602 igitur
1451 3511 1588 3598 Deum,
1620 3527 1661 3584 ut
1688 3513 1781 3584 adsit
1804 3513 1929 3598 nobis,
1961 3523 1995 3580 et
2017 3521 2132 3579 servet

364 3589 418 3704 D.
443 3585 597 3666 Paulo
621 3591 781 3668 Ebero

69 3735 115 3828 S.
144 3745 191 3823 D.
242 3744 296 3817 De
315 3741 509 3820 Victorino
522 3746 647 3839 scripsi
663 3749 847 3840 epistolam
865 3750 911 3818 ad
929 3739 1076 3845 Caspa-

71 3877 158 3926 rum
174 3851 237 3946 qui
252 3841 567 3948 Erpltordianam
582 3851 803 3922 iuventutem
821 3853 934 3936 docet,
960 3875 1077 3920 exem-

69 3961 177 4052 plum
210 3953 277 4026 tibi
310 3953 414 4024 mitto
450 3967 597 4046 propter
620 3948 834 4023 Mosellani
856 3953 1077 4026 vaticinium.

71 4059 224 4134 Utinam
239 4054 335 4128 Deus
351 4055 498 4148 aliquod
516 4050 748 4147 hospitiolum
765 4057 877 4128 literis
894 4071 928 4127 et
943 4056 1078 4144 agmini

71 4175 202 4234 nostro
229 4158 413 4232 'attribuat
474 4156 516 4227 ld
541 4158 635 4228 enim
662 4158 733 4228 nisi
756 4159 834 4244 fiet,
866 4182 940 4228 non
961 4159 1077 4228 solum

72 4262 279 4346 barbaries,
305 4261 367 4330 sed
389 4259 494 4330 etiam
507 4257 697 4355 Cyclopica
712 4261 914 4332 immanitas
929 4261 996 4330 erit
1013 4283 1079 4352 po-

74 4365 262 4450 steritatis,
293 4362 500 4456 praesertim
531 4387 613 4434 cum
632 4362 816 4456 Principes
848 4377 881 4434 et
907 4361 1079 4434 Centauri

73 4491 207 4560 magna
225 4490 267 4537 cx
282 4477 379 4556 parte
396 4465 564 4536 virtutem
582 4490 655 4536 csse
671 4491 769 4537 nunc
784 4479 910 4558 putent
923 4465 986 4535 illa
1004 4467 1079 4556 ipsa

74 4572 213 4644 sentire
239 4582 275 4639 et
298 4566 433 4654 dicere,
465 4591 555 4660 quae
575 4571 670 4661 apud
686 4567 888 4640 Homerum
904 4561 1078 4640 81011Ρο-

72 4667 286 4774 lyplsamus.
337 4667 430 4740 Sunt
453 4663 513 4739 bic
534 4665 716 4772 uupyicau
734 4672 897 4766 quidam,
923 4695 1078 4766 quorum

73 4781 167 4852 adeo
191 4773 363 4845 virulenti
386 4785 469 4842 sunt
490 4796 669 4846 sermones
690 4778 858 4845 adversus
873 4798 958 4855 nos,
983 4773 1079 4844 utin

72 4892 233 4952 mentem
257 4869 349 4946 mihi
370 4872 561 4968 aliquoties
583 4877 654 4946 iam
676 4877 813 4948 venerit
836 4877 969 4948 dictum
989 4871 1080 4945 Da-

79 5047 301 5066 ss

110 5139 141 5208 8)
158 5137 229 5193 Cod.
243 5137 310 5190 Ber.
322 5145 348 5192 01
360 5139 423 5194 cod.
438 5133 521 5190 Goth.
536 5133 595 5191 191.
611 5143 744 5202 perteaea.
834 5170 838 5178 .

109 5225 140 5292 9)
158 5219 231 5278 cot.
247 5223 334 5290 Laog.
347 5231 374 5274 01
388 5219 526 5276 0011801.
540 5223 677 5272 concedet.

115 5311 164 5378 to)
184 5305 253 5364 Cod.
268 5307 337 5364 llar-
349 5306 438 5362 addit:
459 5308 536 5360 bace.

115 5397 159 5458 11)
179 5391 250 5448 608.
266 5391 330 5447 Bar.
347 5395 377 5448 d.
390 5393 417 5447 7.
429 5391 516 5448 Mart.
540 5417 575 5432 -
610 5388 641 5442 ln
660 5387 722 5445 008.
735 5385 819 5442 Gotb·
837 5387 895 5448 191.
909 5387 1082 5446 desideratur

148 5463 207 5518 dies
219 5473 246 5518 01
258 5479 355 5516 00000.

113 5551 159 5620 tt)
171 5547 284 5604 810000
293 5548 397 5602 10111110
404 5549 471 5616 010.)
482 5541 638 5612 eodum.
645 5539 741 5602 01008.
747 5539 832 5598 uon.
843 5541 962 5600 191.οο0
971 5544 1080 5602 babeat.

1129 3611 1309 3685 Ecclesiae
1333 3615 1512 3709 reliquias.
1565 3613 1674 3686 Mitto
1694 3615 1762 3686 tibi
1779 3613 1980 3707 Epistulas,
2002 3609 2133 3703 partim

1129 3714 1342 3786 Reverendo
1373 3714 1418 3790 D.
1441 3711 1612 3804 Pastori,
1652 3719 1782 3808 partim
1813 3711 1904 3786 mihi
1933 3712 2140 3803 inscriptas.

1129 3812 1326 3887 Exhibebis
1352 3817 1463 3907 igitur
1484 3813 1640 3895 Pastori
1660 3843 1758 3905 suas,
1792 3833 1826 3888 et
1849 3829 2002 3888 caeteras
2024 3814 2057 3884 ei
2080 3815 2133 3882 le-

1131 3940 1189 4008 ges
1205 3915 1245 4014 ’).
1297 3916 1396 3988 Bene
1410 3933 1446 3990 et
1460 3921 1611 3992 feliciter
1624 3921 1715 3992 vale.
1765 3916 1852 4005 Die,
1877 3941 1947 4012 qua
1962 3915 2134 3985 memoria

1067 4054 1075 4071 ·
1131 4022 1329 4101 celebratur
1341 4045 1490 4113 pompae
1506 4018 1752 4115 triumphalis,
1775 4044 1844 4114 qua
1859 4017 1973 4091 Filius
1989 4015 2056 4088 Dei
2070 4012 2134 4087 Ie-
2183 4081 2189 4096 ,

1132 4119 1358 4220 rosolymam
1381 4125 1559 4213 ingressus
1572 4137 1642 4210 est,
1667 4137 1790 4194 vectus
1805 4124 1923 4206 mula,
1946 4121 2011 4192 ubi
2026 4119 2133 4191 multi

1131 4250 1212 4297 eum
1228 4227 1453 4317 excipientes,
1473 4227 1676 4318 magnificas
1691 4249 1771 4319 spes
1783 4221 1989 4296 babuerunt
2005 4219 2033 4306 †
2047 4221 2134 4292 novi

1131 4323 1298 4422 imperii*
1311 4327 1362 4421 ⁴),
1394 4329 1457 4422 qui
1478 4344 1598 4421 postea
1614 4353 1654 4400 eo
1672 4331 1850 4421 pendente
1862 4328 1902 4397 in
1919 4349 2022 4406 cruce
2038 4325 2135 4394 dete-

1131 4445 1271 4502 cerunt:
1296 4431 1426 4502 similia
1439 4456 1537 4503 nunc
1555 4433 1656 4506 liunt.

1143 4735 1212 4806 No.
1231 4735 1346 4810 8788.

1137 4835 1349 4870 Μ

1968 4747 2029 4808 22·
2043 4733 2132 4800 Mart.

1964 4827 2133 4856 Μ

1519 4887 1566 4976 Ρ.
1599 4890 1750 4972 libero.

1202 5050 1287 5124 Epist.
1306 5051 1355 5107 lib.
1368 5050 1403 5106 ll.
1421 5071 1447 5124 p.
1464 5051 1521 5106 161.
1545 5043 1605 5122 (ed.
1623 5051 1711 5106 Lond.
1732 5050 1778 5105 lib.
1792 5049 1825 5103 ll.
1845 5068 1889 5121 ep.
1904 5049 1962 5106 148.
1985 5077 2020 5090 -
2057 5047 2133 5116 Apo·

1237 5121 1337 5194 grapba
1355 5119 1382 5174 in
1398 5121 1462 5180 008.
1478 5119 1560 5176 Goth.
1578 5121 1636 5177 191.
1656 5141 1684 5192 p.
1698 5121 1743 5176 71.
1759 5119 1826 5174 etin
1841 5119 1904 5176 008.
1920 5119 2007 5190 Lang.
2026 5135 2053 5188 p.
2068 5115 2100 5170 16
2108 5113 2133 5169 t,

1170 5291 1196 5360 1)
1215 5290 1301 5344 Manl.
1318 5289 1394 5344 Duo.

1166 5376 1197 5443 2)
1214 5374 1300 5432 bisul.
1313 5393 1392 5446 appr.
1404 5375 1516 5440 piorum
1529 5373 1745 5426 invocationem.

1167 5462 1195 5532 8)
1214 5463 1301 5516 Mitto
1313 5463 1377 5524 010.)
1391 5477 1447 5512 000
1462 5455 1539 5510 lubet
1553 5457 1641 5514 Manl.

1168 5548 1196 5616 4)
1215 5545 1330 5600 Α88001
1344 5541 1408 5598 008.
1421 5535 1505 5596 (tort.
1518 5535 1580 5596 401.
1595 5549 1621 5593 01
1636 5537 1712 5592 blant
