4682 6254
236 328 312 408 485
819 321 1266 402 uels‘tonatttttt

251 501 318 576 No.
334 498 449 576 5779.

247 598 461 640 Nm

486 701 546 789 Ιο.
580 693 990 814 Schioginhouffcn.

338 863 361 936 e
380 863 419 918 a.
436 831 605 937 ..natm
624 866 653 920 sn
673 867 736 921 eoa.
749 862 845 920 coia.
863 863 907 920 ra.
925 862 974 918 m.
991 863 1035 917 aa.

245 1018 468 1096 Venerando
495 1021 573 1093 viro
595 1019 763 1094 doctrina
785 1031 816 1093 el
830 1019 964 1119 pietate
981 1021 1121 1092 eximia
1136 1044 1247 1118 prae-

245 1119 341 1208 dito,
385 1121 498 1194 Dom.
528 1117 742 1196 Iohanni
771 1117 1248 1242 Schlaginizanssen,

238 1227 244 1236 '
282 1221 438 1298 Pastori
452 1224 641 1298 Ecclesiae
653 1223 734 1296 Dei
747 1226 786 1296 in
803 1215 967 1314 Cochen,
994 1249 1114 1298 arnseo
1129 1250 1209 1296 sno.

245 1361 290 1452 S.
315 1377 362 1453 D.
414 1377 623 1450 Veneranda
639 1375 685 1452 D.
699 1377 843 1462 Pastor,
870 1378 982 1446 amice
998 1379 1117 1452 cariss.
1158 1373 1248 1446 'Etsi

247 1481 412 1571 cogitatio
431 1480 548 1550 omnis
570 1483 615 1550 de
636 1481 731 1550 bello
751 1481 915 1549 dolorem
935 1479 1114 1570 ingentem
1134 1482 1249 1549 adfert

246 1585 351 1654 bonis
367 1583 580 1667 mentibus,
591 1595 711 1652 tamen
725 1583 904 1653 minuitur
916 1583 1021 1652 dolor
1036 1583 1140 1652 nobis
1157 1607 1249 1676 quo-

246 1709 326 1756 rum
343 1685 560 1756 concientiae
577 1708 651 1754 non
667 1699 751 1755 sunt
769 1685 918 1765 sauciae,
945 1693 1024 1754 cum
1043 1686 1250 1774 cogitamus,

246 1787 392 1859 initium
413 1789 501 1858 belli
521 1787 566 1858 ab
588 1787 800 1858 adversariis
821 1801 941 1858 ortum
966 1811 1058 1873 esse,
1091 1801 1127 1858 et
1149 1787 1249 1856 vide-

247 1913 344 1974 mus,
373 1891 470 1983 quod
486 1897 619 1981 'petunt
633 1889 845 1975 adversarii,
870 1891 1053 1976 videlicet,
1077 1904 1118 1960 ut
1134 1891 1249 1960 extin-

248 2008 358 2085 guant
378 1993 494 2064 lucem
509 1987 716 2081 Evangelii,
747 2005 781 2060 et
804 1993 1019 2066 interficiant
1040 1995 1118 2086 pios
1135 2016 1251 2062 sacer-

250 2098 367 2174 dotes,
394 2111 428 2164 et
451 2117 574 2163 eorum
599 2095 765 2182 coniuges
786 2108 821 2163 et
835 2094 925 2164 filias
942 2095 1157 2166 contumelia
1175 2096 1250 2164 affi-

251 2197 359 2268 ciant.
409 2193 508 2266 Haec
530 2219 610 2264 cum
635 2198 829 2285 cogitamus
852 2198 945 2268 bona
963 2198 1177 2268 conscientia
1193 2221 1251 2266 ar-

252 2298 394 2370 dentius
422 2300 589 2368 invocare
618 2300 742 2383 deum,
777 2312 811 2370 et
835 2301 969 2370 maiore
992 2301 1251 2393 tranquillitate

252 2402 456 2472 animorum
481 2423 621 2492 sperare
641 2403 813 2472 auxilium
830 2415 1028 2493 possumus.
1081 2402 1165 2472 ldco
1183 2402 1251 2492 legi

149 2569 152 2576 .
253 2502 382 2594 scripta
405 2504 447 2572 de
470 2502 548 2571 iure
564 2504 780 2573 defensionis
796 2505 884 2574 utile
902 2518 965 2578 est.
1015 2504 1125 2576 Mitto
1142 2505 1251 2594 igitur

251 2605 406 2690 librum,
444 2604 506 2698 qui
526 2597 659 2673 Mcnii
683 2606 797 2677 vitulo
822 2607 937 2676 editus
961 2620 1022 2678 est.
1085 2607 1251 2677 Alterum

168 2733 173 2742 ·
253 2707 452 2798 exemplum
476 2706 606 2777 dabitis
631 2709 870 2779 illustrissimo
888 2709 1061 2801 principi,
1092 2710 1121 2778 si
1136 2705 1252 2779 adhuc

252 2809 436 2880 vobiscum
451 2822 504 2879 est
519 2822 554 2879 et
567 2811 655 2881 meis
672 2812 791 2881 verbis
808 2811 947 2902 petitis,
973 2825 1013 2881 ut
1030 2811 1099 2901 legi
1117 2812 1252 2884 audiat.

253 2911 293 2986 Si
315 2911 424 2982 rediit
444 2911 483 2980 in
500 2926 630 3000 castra,
661 2915 743 2984 date
758 2910 803 2984 D.
818 2906 1059 2982 Cancellario
1075 2913 1165 2986 Nab.
1187 2910 1253 3011 (l)

253 3013 394 3105 Quaeso
420 3027 556 3100 autem,
587 3030 629 3086 ut
649 3017 765 3086 adme
781 3015 821 3084 in
837 3017 1010 3108 oppidum
1030 3013 1178 3086 Zerccst
1193 3041 1253 3086 ex-

250 3118 380 3210 patiari
397 3116 532 3198 velitis,
557 3131 599 3188 ut
610 3143 668 3188 me
684 3120 727 3188 de
743 3115 884 3210 Apibus
898 3120 1071 3202 doceatis,
1099 3144 1252 3218 quorum

212 3299 218 3304 ¹
252 3234 363 3291 artem
378 3243 454 3290 non
470 3218 767 3312 invenietntegre
782 3219 821 3288 in
836 3220 938 3290 libris
954 3223 1129 3295 traditam.
1155 3220 1253 3292 Bene

252 3323 377 3397 valete.
414 3320 651 3414 Witebergae
665 3324 723 3393 die
739 3323 970 3416 Aequinoctii
985 3324 1084 3394 verni
1105 3321 1217 3399 1547.

532 3496 537 3505 ,
715 3421 905 3518 Philippus
924 3424 1150 3503 Melanthon.

358 3523 510 3598 scribite
526 3521 617 3596 mihi
632 3553 678 3598 an
692 3528 834 3598 libellos
850 3531 1066 3622 acceperitis.

252 3889 320 3964 No.
336 3833 453 3966 3780.

259 3987 432 4020 Μ

973 3903 1139 3981 (ieremed.
1147 3901 1254 3984 Mart.)

991 3998 1249 4052 w

585 4091 678 4177 Iac.
709 4094 940 4182 Milionia.

1316 324 1425 406 LlB.
1453 325 1500 404 X.
1551 322 1688 404 1647.
2129 339 2135 347 “
2204 328 2269 406 tid

1028 507 1059 568 d.
1072 507 1243 590 nequinont.
1288 501 1376 568 dum
1402 523 1445 570 ex
1472 499 1600 572 atomis
1622 513 1862 592 componunt,
1888 512 1927 570 et
1949 499 2071 570 omnia
2092 521 2173 572 casu
2190 504 2271 576 volvi

1025 597 1237 635 Μ
1288 601 1483 693 disputant.
1541 599 1731 692 Erigamns
1762 602 1902 672 animos
1931 615 2054 674 contra
2080 597 2165 674 baec
2184 606 2272 680 maie.

1214 777 1216 782 ,
1289 702 1424 796 Scripsi
1447 705 1638 795 diligenter
1653 701 1884 799 Hieronymo
1900 699 2172 800 Bomgartnero
2187 710 2226 778 de
2238 721 2272 780 te

1289 803 1432 894 Quaeso
1455 820 1496 878 ut
1517 809 1610 878 filiae
1633 802 1774 902 Sabini
1794 807 1992 898 aegrotanti
2016 831 2111 878 emes
2133 833 2229 900 poma
2246 825 2274 882 et

1289 908 1378 991 alia,
1405 925 1445 980 ut
1468 911 1508 979 in
1529 905 1651 980 charta
1673 911 1864 995 annotavi,
1889 934 1954 982 nec
1976 912 2134 982 remittas
2156 913 2274 1008 siquid

1291 1014 1466 1104 supererit
1482 1013 1664 1104 pecuniae.
1713 1010 1806 1082 Nam
1821 1013 1923 1082 brevi
1937 1013 2027 1083 istuc
2045 1014 2202 1095 veniam,
2222 1016 2273 1085 ubi

1290 1137 1355 1205 pro
1371 1116 1510 1209 reliquo
1530 1116 1654 1185 vinum
1670 1115 1776 1185 nobis
1791 1139 1894 1184 emes.
1945 1113 2043 1186 Bene
2058 1115 2147 1190 vale.

1291 1517 1358 1590 No.
1377 1516 1492 1590 3781.

1298 1613 1471 1644 m

2131 1529 2186 1594 15.
2200 1523 2271 1588 Mart.

2103 1607 2106 1618 '
2120 1614 2269 1644 sm

1594 1721 1671 1809 aa.
1703 1685 1988 1810 cornicata.
2093 1761 2097 1766 -

1360 1903 1381 1963 †
1399 1897 1435 1952 Ex
1449 1916 1543 1969 apogr.
1560 1861 1842 1978 incontinentes.
1862 1918 1890 1972 p.
1907 1899 1958 1954 173
1966 1897 1996 1957 b,

1293 2064 1632 2161 Clarissimorum
1664 2070 1867 2145 eruditione
1885 2082 1916 2144 et
1934 2074 2063 2144 virtute
2076 2081 2272 2173 praestanti,

1331 2171 1385 2246 D.
1412 2166 1643 2248 Ciciliana
1669 2173 1943 2258 Goldstein,
1970 2173 2247 2267 DoctoriIuris,

1580 2277 1699 2352 amico
1713 2304 1782 2351 suo
1799 2277 2010 2362 carissimo,

1293 2424 1336 2514 S·
1362 2441 1408 2516 Ῑ).
1442 2429 1537 2516 'Etsi
1558 2447 1705 2536 gratiam
1722 2441 1836 2516 habeo
1853 2444 1939 2526 tibi,
1963 2447 2061 2538 quod
2078 2461 2113 2518 et
2129 2442 2272 2518 historio
2324 2435 2325 2442 ¹

1293 2549 1365 2616 lam
1382 2547 1509 2618 misisti
1527 2563 1560 2618 et
1573 2563 1650 2619 tuas
1666 2548 1785 2619 literas
1800 2547 2006 2634 adiunxisti,
2023 2563 2145 2620 tamen
2159 2549 2272 2641 plenia

1294 2673 1350 2720 res
1370 2651 1592 2722 narrationes
1615 2651 1761 2721 aliunde
1778 2652 1914 2743 accepi,
1938 2675 2030 2744 quae
2045 2653 2091 2722 ad
2108 2676 2173 2722 nos
2184 2653 2271 2746 pcrti-

1295 2766 1400 2838 nent,
1434 2768 1469 2823 et
1492 2754 1603 2845 magis
1624 2753 1806 2846 perspicue
1823 2754 2034 2838 ostendunt,
2061 2779 2129 2824 nos
2144 2752 2213 2825 Deo
2228 2779 2272 2823 ae·
2324 2793 2325 2814 .

1295 2869 1397 2926 terno
1420 2858 1512 2948 patri
1536 2857 1675 2928 domini
1699 2855 1813 2926 nostri
1838 2853 1918 2925 lesu
1934 2850 2089 2944 Christi,
2122 2857 2271 2928 conditori

1296 2971 1330 3028 et
1342 2960 1480 3029 custodi
1488 2955 1727 3030 Ecclesiarum
1743 2971 1946 3030 nostrarum
1960 2982 2160 3034 curaeesse.
2183 2955 2272 3030 Exer-

1296 3060 1406 3131 citum
1428 3061 1489 3132 ille
1505 3055 1712 3131 Francicus
1727 3055 1942 3132 Alcibiades
1966 3063 2141 3134 ducturus
2162 3061 2271 3132 eratad

1296 3161 1452 3260 Salinas,
1478 3191 1550 3260 quo
1581 3179 1750 3237 venturae
1772 3178 1871 3236 erant
1891 3177 1926 3234 et
1948 3161 2144 3260 Lypericae
2167 3164 2272 3256 copiae,
2323 3203 2324 3260 j

1295 3267 1433 3360 fuitque
1455 3269 1654 3350 decretum,
1686 3285 1727 3340 ut
1750 3267 1898 3360 direptis
1919 3268 2046 3337 vestris
2059 3268 2272 3344 facultatibus.
2323 3265 2324 3336 i

1296 3370 1390 3438 cives
1421 3371 1703 3458 trucidarentur,
1734 3384 1770 3441 et
1797 3370 2098 3463 oppidumnovo
2120 3369 2271 3464 Episcopo

1297 3473 1496 3542 traderetur
1528 3474 1709 3545 munitum
1737 3472 1926 3565 praesidio.
1997 3470 2047 3544 Ut
2070 3473 2179 3564 igitur
2196 3469 2271 3543 Deus

1295 3569 1476 3644 Pharaoni
1504 3576 1636 3668 eripuit
1658 3577 1698 3646 in
1717 3577 1824 3646 undis
1847 3573 2040 3661 israelitas,
2064 3577 2117 3647 ita
2135 3599 2194 3646 vos
2209 3570 2272 3644 huic
2321 3599 2323 3662 ς

1296 3690 1448 3770 tyranno
1464 3677 1607 3768 eripuit,
1633 3680 1821 3772 ipsumque
1834 3680 1955 3748 furore
1969 3701 2008 3747 ac
2022 3679 2154 3748 scelere
2168 3679 2271 3748 arden-

1296 3792 1367 3848 tem
1393 3781 1432 3848 in
1451 3781 1568 3852 medio
1586 3806 1690 3854 cursu
1707 3781 1893 3874 oppressit.
1944 3773 2024 3870 Ago
2040 3781 2153 3871 igitur
2169 3778 2272 3871 gratias

1295 3878 1372 3952 Deo
1387 3898 1531 3954 aeterno
1549 3886 1642 3976 patri
1659 3883 1798 3954 domini
1814 3884 1928 3955 nostri
1947 3879 2026 3952 Iesu
2039 3879 2184 3970 Christi,
2206 3903 2271 3952 con-

1296 3985 1406 4056 ditori
1429 3999 1463 4056 et
1485 3988 1624 4057 custodi
1640 3983 1879 4058 Ecclesiarum
1902 3999 2126 4070 nostrarum,
2152 3985 2235 4080 quod
2248 3993 2272 4048 et

1296 4089 1367 4158 iam
1392 4111 1458 4158 nos
1479 4103 1513 4160 et
1535 4113 1599 4159 vos
1615 4090 1792 4174 defendit,
1817 4103 1851 4158 et
1868 4084 2038 4158 hactenus
2056 4087 2206 4158 servavit
2218 4079 2270 4153 Ec-

1296 4191 1438 4261 clesiam
1462 4215 1561 4261 suam
1582 4193 1705 4262 multis
1720 4191 1966 4282 providentiae
1980 4202 2013 4259 et
2029 4189 2196 4260 bonitatis
2208 4207 2270 4256 suae

1296 4293 1519 4367 testimoniis.
1577 4291 1685 4364 Mitto
1709 4294 1776 4364 tibi
1799 4293 1897 4364 alind
1918 4293 2098 4384 exemplar
2120 4281 2272 4361 Menimi

323 4265 409 4338 Epist.
427 4265 476 4322 lib.
488 4265 524 4322 ll.
541 4285 568 4340 p.
582 4267 642 4323 454.
662 4268 716 4337 (ed.
732 4270 821 4328 bend.
836 4272 882 4331 lib.
895 4274 929 4330 tt.
948 4293 990 4348 ep.
1001 4275 1088 4344 479.).

1297 4395 1430 4487 scripti,
1444 4397 1484 4463 in
1499 4421 1570 4489 qno
1586 4396 1690 4467 etiam
1705 4397 1858 4488 primam
1873 4395 1989 4485 operis
2004 4410 2139 4485 partem
2150 4387 2271 4464 retexui.

496 4423 551 4590 ,Β
576 4422 751 4594 [mio
779 4426 1006 4528 Milichi‘o
1216 4583 1219 4587 ,
1296 4497 1423 4570 Scribo
1445 4522 1519 4568 non
1546 4498 1798 4583 bellatoribus,
1824 4501 1883 4568 sed
1903 4497 2070 4584 eruditis,
2097 4522 2156 4568 seu
2172 4507 2270 4566 nostro

251 4553 297 4646 S.
320 4571 365 4646 D.
397 4571 526 4693 Multis
542 4575 587 4644 de
604 4597 720 4692 causis
734 4602 862 4670 magno
879 4582 1003 4652 dolore
1018 4584 1154 4654 afficior
1169 4609 1253 4676 pro·
1296 4603 1411 4692 gregi,
1445 4623 1552 4694 quem
1574 4601 1661 4672 utile
1683 4615 1753 4685 est,
1785 4601 1889 4672 rectis
1913 4599 2144 4693 opinionibus
2168 4591 2270 4670 imbui.

252 4689 332 4766 Pter
348 4669 485 4746 2⁰⁶⁶&
507 4689 693 4748 mimium
709 4670 758 4775 *h
808 4680 899 4752 Nam
918 4686 1034 4778 etiPSi
1051 4687 1253 4776 etfamillflss
1297 4701 1382 4773 Ideo
1397 4703 1535 4797 aliquid
1551 4703 1797 4775 illecebrarum
1817 4703 1952 4774 addidi.
1989 4699 2039 4774 Et
2051 4699 2121 4774 hoc
2137 4715 2270 4790 tempore

251 4778 344 4898 bess-0
365 4779 460 4852 ν010·
510 4776 581 4897 5ῗά
602 4779 1253 4900 Pril³l⁰fflmm210fflffl⁸ess⁵ssfflhffi
1295 4803 1382 4876 haec
1404 4800 1631 4902 παραμύθια
1648 4799 1684 4902 ⁸)
1709 4800 1881 4875 nonnihil
1901 4807 2042 4876 leniunt
2064 4802 2271 4876 moesticiam·

250 4880 424 4950 bettonem
445 4881 563 4951 redd1t
585 4883 750 4974 publicus
773 4886 888 4963 dolor.
940 4885 1018 4961 Etsi
1041 4906 1159 4962 autem
1180 4893 1252 4960 iam
1294 4905 1392 4979 Deus
1413 4923 1577 4979 geremus
1597 4923 1698 5002 pater
1718 4907 1858 4978 domini
1883 4909 1998 4980 nostri
2020 4909 2049 4980 I,
2063 4905 2103 4979 C.
2121 4917 2226 4978 servet
2244 4910 2271 4967 et

251 4983 384 5084 multae
401 5006 589 5054 aerumnae
604 5005 838 5062 concurrunt:
866 4987 987 5061 tamen
1002 5017 1077 5062 non
1093 4995 1253 5064 dimitta-
1295 5013 1467 5103 gubernet
1490 5026 1525 5082 re
1547 5024 1592 5082 01,
1607 5035 1684 5084 nos.
1736 5009 1835 5081 Bene
1856 5012 1946 5086 vale,
1998 5007 2122 5080 Idibus
2140 5002 2271 5080 Martiis.

250 5107 331 5204 mus
353 5107 394 5154 ex
413 5085 543 5203 animis
567 5109 624 5157 eas
645 5093 924 5180 consolationes,
957 5117 1045 5188 quas
1065 5093 1162 5166 Deus
1185 5121 1252 5167 no·
1295 5114 1454 5186 salutem
1470 5129 1555 5208 opto
1573 5115 1769 5186 reverendo
1783 5112 1941 5186 Domino
1957 5115 2003 5190 D,
2017 5107 2146 5184 Ionae.

249 5186 307 5256 brs
330 5187 497 5271 tradidit,
534 5214 622 5284 quas
644 5218 744 5265 veras
769 5219 843 5266 esse
868 5221 945 5268 non
970 5199 1109 5274 dubito.
1168 5197 1251 5269 Non
1290 5275 1296 5282 ,
2099 5209 2165 5287 Ph.
2186 5203 2232 5279 M·

250 5287 347 5360 enim
363 5289 535 5362 assentior
547 5287 761 5366 Democrito
777 5299 834 5368 vel
850 5295 1036 5397 Epicuro,
1062 5301 1126 5396 qui
1142 5325 1251 5373 mun·

1326 5451 1355 5525 ²⁸¹)
1377 5456 1553 5528 licaoniam
1566 5456 1640 5512 edidi
1652 5474 1704 5529 pro
1720 5413 1900 5529 repatuit,
1920 5464 1952 5511 nt
1965 5453 2047 5512 habet
2056 5450 2118 5512 cod.
2131 5445 2209 5504 Goth.
2220 5435 2269 5498 ³99·

284 5547 314 5614 *l
329 5547 458 5605 Mortuus
472 5569 565 5608 mense
578 5553 662 5610 Mart.
672 5553 750 5614 1547.
762 5554 825 5611 Vid.
834 5553 942 5629 Scripta
955 5555 1031 5632 publ.
1042 5557 1075 5615 Τ.
1086 5556 1111 5618 l.
1124 5575 1151 5631 p.
1162 5556 1247 5614 185b,
2013 5553 2018 5572 ·

2315 6137 2318 6221 l
