4744 6254
643 367 1082 455 EPISTULARUM
1134 365 1247 446 LIB.
1275 365 1323 444 X.
1377 362 1511 442 1847.

171 556 225 598 tum
241 539 514 616 Witebergcusium,
545 551 574 598 ut
590 537 711 600 Caesaris
730 542 852 598 animum
872 543 1011 600 flecterent
1031 537 1053 590 si

173 613 233 666 urbs
246 615 276 664 ab
296 611 343 666 illo
363 622 510 682 expugnata
529 611 619 666 luerit.
655 613 725 666 Nihil
742 609 851 682 quidem
872 621 1008 684 praeterea
1024 605 1052 658 in

172 679 288 752 epistolis
303 679 336 732 de
347 681 397 734 hac
409 681 606 752 supplicatione
618 681 731 750 legitur,
757 681 828 734 unde
842 699 905 734 vero
918 679 971 733 boc
991 687 1053 730 tan·

171 759 225 802 turn
241 747 331 818 colligi
347 759 452 821 potest,
471 749 675 804 Melantbonem
690 749 744 803 boc
758 748 890 820 scriptum
902 747 1053 802 Witebcr-

174 836 232 888 gam
247 817 351 870 mittere
365 835 421 868 non
442 817 577 888 potuisse,
603 818 645 873 vel
658 825 732 872 certe
747 816 904 888 Imperatori
925 813 1052 868 traditum

172 903 225 939 non
237 903 303 936 esse.
319 917 354 930 -
387 883 498 939 Servata
512 894 608 940 autem
621 886 701 940 nobis
713 895 752 939 cst
766 885 869 955 duplex,
880 883 972 954 scripti
993 879 1054 932 lor-

172 972 230 1018 ma,
251 953 332 1006 alters
347 971 361 1005 a
374 952 480 1006 Perelio
496 955 564 1006 edita
600 955 680 1010 altera
694 973 774 1025 quarn
790 953 879 1006 inveni
894 953 921 1005 in
937 966 1054 1022 apogra-

173 1020 398 1091 phocod.llasil.,
419 1039 487 1091 quae
501 1021 534 1076 ab
549 991 593 1075 illa
605 1023 641 1077 ita
655 1023 760 1076 diversa
775 1031 831 1084 est,
850 1030 880 1072 ut
891 1021 936 1073 bic
948 1028 1054 1070 utram·

171 1107 223 1160 que
238 1089 380 1160 separatim
395 1089 458 1142 darc
469 1089 624 1144 consultum
639 1089 783 1146 videretur.
817 1088 847 1144 Si
860 1086 1054 1143 coniecturale

171 1177 216 1223 re,
234 1159 331 1228 deque
365 1157 559 1212 raetereanilsil
591 1178 684 1212 rursus
696 1160 813 1226 scimus,
839 1156 978 1222 ilcitaest,
1002 1173 1056 1226 pu·

171 1224 298 1291 laverint,
351 1225 523 1278 elanthonem
539 1178 738 1296 reisponterel
752 1237 847 1296 rogatu
861 1224 1012 1278 amicorum
1026 1223 1054 1275 in

171 1294 235 1346 urbe
248 1292 381 1346 eiusmodi
394 1294 620 1365 supplicationem
635 1297 754 1366 pslmum
768 1295 925 1352 festinanter
933 1291 1053 1363 scripsis-

169 1379 211 1428 se,
244 1359 341 1414 deinde
362 1373 469 1431 autem,
499 1381 581 1434 quum
600 1362 647 1416 illa
669 1382 725 1418 non
744 1363 807 1417 satis
825 1385 838 1418 a
861 1373 885 1414 ta
908 1359 1054 1427 videretur,

170 1429 245 1480 aliam
271 1432 454 1500 composuisse
480 1431 681 1499 elegantiorem.
728 1431 805 1485 Illam
849 1429 903 1484 edit
923 1427 1055 1497 Petebat,

171 1498 240 1550 banc
253 1498 371 1554 servavit
385 1499 470 1554 codex
483 1499 564 1556 Basil.
583 1531 619 1542 -

207 1600 257 1698 A)
285 1603 510 1696 Scrip'tum
539 1631 584 1676 ex
610 1605 711 1680 Mel.
737 1602 907 1677 Consil.

76 1711 113 1785 ‘ll
130 1714 302 1817 deoloyios
332 1743 407 1816 pua
433 1715 606 1792 honestae
631 1720 801 1814 coniuges
826 1714 1052 1790 sacerdotum

79 1816 242 1914 supplices
254 1815 311 1887 ad
324 1821 584 1916 Imperatorem
601 1822 657 1892 uli
669 1822 831 1920 possint,
860 1817 1053 1890 trehellum

81 1913 243 1992 Ecclesiis
260 1917 502 2014 Evangelieis
522 1923 679 2022 inserat:
713 1921 851 2019 scripta
873 1949 897 1992 a
914 1915 1052 2018 Philip.

329 2019 523 2100 Melanlh.
552 2022 660 2096 Anno
679 2026 789 2101 1542.

79 2134 239 2224 Ferarum
266 2157 374 2228 eliam
398 2172 543 2230 naturae
557 2157 653 2230 Deus
675 2157 772 2230 hunc
793 2182 933 2228 sensum
958 2158 1054 2225 indi-

79 2253 138 2338 dit,
161 2271 200 2327 ut
214 2273 343 2328 matres
360 2261 567 2330 defensurus
589 2263 723 2331 catulos
740 2257 881 2354 suos¹),‘
903 2261 1054 2349 impavi-

79 2357 183 2424 dacin
200 2361 269 2430 tela
287 2361 436 2432 irruant.
473 2360 546 2432 Nos
563 2387 633 2456 quo
651 2364 770 2430 animo
786 2385 859 2431 esse
875 2361 1054 2444 debemus,

79 2456 137 2522 iam
152 2459 241 2528 bello
260 2465 376 2545 mo'to,
410 2475 444 2530 et
460 2463 604 2532 collecto
626 2465 780 2532 exercitu
794 2486 835 2530 ex
851 2461 1055 2532 nationibus

79 2559 206 2645 exteris,
231 2587 323 2654 quae
341 2563 529 2633 fascinatas
544 2566 813 2653 superstitione,
840 2577 873 2632 et
890 2562 1054 2632 incitatae

78 2658 249 2732 virulentis
273 2665 461 2732 calumniis
477 2667 643 2735 adversus
664 2689 728 2735 nos
750 2663 927 2748 confictis,
960 2663 1053 2730 inle-

79 2759 233 2832 stissimae
249 2777 334 2846 sunt
347 2789 486 2834 caussae
502 2767 666 2837 nostrae?
694 2767 862 2836 Videmus
880 2777 1054 2856 quantum

77 2858 263 2948 impendeat
281 2866 538 2955 periculorum,
562 2892 634 2936 non
652 2881 788 2939 tautum
799 2867 923 2950 nohis,
944 2890 983 2934 ac
999 2867 1053 2934 fa·

78 2960 170 3030 mitiis
186 2967 336 3046 nostris,
371 2969 432 3036 sed
448 2981 500 3038 tot
514 2970 678 3058 gentibus
694 2994 734 3040 ac
749 2968 994 3059 Principibus,
1020 2982 1054 3038 et

78 3057 133 3149 ipsi
145 3059 333 3141 Ecclesiae.

162 3161 238 3236 Etsi
254 3193 440 3240 movemur
459 3171 610 3241 orbitate
624 3171 820 3242 liberorum
838 3186 1053 3256 nostromm,

78 3275 180 3335 tamen
196 3293 260 3338 nec
283 3271 401 3340 mariti
417 3273 550 3357 nostri,
581 3297 645 3342 nec
662 3296 727 3342 nos
745 3285 894 3343 mortem
915 3273 1053 3362 defugi-

77 3387 160 3450 mus,
195 3395 303 3462 quam
325 3365 364 3439 iri
386 3374 604 3444 consessione
627 3375 708 3443 lidei
730 3367 865 3446 Christi
888 3390 1052 3467 oppetere

77 3465 254 3552 gloriosum
271 3472 451 3548 ducimus·
481 3472 564 3546 Alia
578 3489 661 3546 suut
675 3475 760 3546 belli
775 3477 921 3550 vulnera
939 3477 1052 3547 multo

77 3569 254 3658 atrociora,
289 3597 379 3666 quae
397 3599 477 3644 vere
502 3591 536 3646 et
559 3577 798 3667 deprecanda,
828 3593 863 3650 et
886 3577 1053 3670 pertime-

77 3673 311 3759 scenderunt,
346 3700 421 3746 non
442 3690 580 3748 tanturn
604 3677 828 3764 mulieribus,
862 3679 1050 3748 sedetiam

75 3767 148 3839 viris
163 3773 328 3862 fortibus,
351 3779 551 3849 amantibus
560 3772 893 3848 ChristiEchesiam
902 3776 948 3876 ²):
975 3777 1053 3847 Ho-

77 3885 177 3942 nestas
191 3891 392 3960 matronas,
426 3903 466 3950 ac
483 3881 617 3972 puellas
632 3879 792 3965 nobiles,
825 3893 925 3950 natas
941 3881 979 3948 in
999 3883 1053 3950 sa·

76 3971 171 4042 millis
185 3971 365 4064 honestis,
384 3983 562 4070 praeditas
574 3979 717 4074 optimis
732 3981 909 4066 moribus,
935 3977 1050 4051 Deum

75 4087 153 4144 recte
169 4079 326 4150 colentes
341 4083 418 4172 rapi
439 4083 484 4154 ad
500 4097 620 4174 stupra
642 4107 662 4152 a
676 4081 837 4152 barbaris
852 4097 886 4153 et
909 4081 1051 4152 furiosis

74 4173 235 4250 militibus
257 4182 438 4256 nolumus.
490 4181 949 4268 VastitatesEcclesiarum,
975 4196 1051 4252 tru-

74 4272 184 4349 ridetis
196 4284 457 4369 sacerdotibus,
481 4285 593 4357 deleta
611 4286 776 4371 veritate,
801 4284 962 4356 extinctis
975 4298 1052 4358 stu·

73 4373 132 4444 diis
146 4374 375 4454 honestarum
391 4387 539 4467 artium,
566 4388 702 4463 suttrras
719 4410 792 4457 esse
808 4387 1051 4481 prospicimus.

160 4479 301 4555 Horum
328 4487 564 4575 periculorum
587 4489 750 4578 cogitatio
773 4513 939 4580 pavorem
971 4513 1052 4556 mar-

72 4573 206 4652 liebrem
223 4587 310 4658 vicit
324 4584 374 4678 ³),
397 4611 532 4684 nosque
548 4590 718 4681 perpulit,
741 4605 781 4660 ut
797 4611 923 4680 magno
939 4589 1050 4679 agmi-

71 4699 109 4746 ne
123 4685 164 4752 ad
184 4698 217 4755 te
233 4686 428 4780 Imperator
444 4691 605 4784 quamvis
619 4707 813 4776 armatum,
839 4693 932 4764 etad
951 4714 1050 4760 exer-

71 4778 170 4852 citum
187 4783 218 4880 ⁴)
247 4789 287 4858 in
313 4793 496 4881 procinctu
516 4804 665 4864 stantem
688 4795 951 4878 accederemus,
985 4817 1049 4863 ceu

69 4887 239 4995 qnondam
256 4889 410 4964 Sabinae
431 4916 468 4964 se
490 4895 584 4965 inter
599 4895 735 4966 medios
756 4896 926 4966 exercitus
949 4895 1049 4965 intu-

67 4978 140 5096 lisse
156 4988 343 5079 feruntur,
375 5008 410 5066 et
424 4997 694 5085 deprecaremur
716 5021 792 5067 non
816 5021 955 5082 necem,
986 4998 1046 5067 sed

65 5087 206 5176 mptum
220 5093 357 5166 bellum
376 5109 410 5167 et
427 5097 565 5170 exitiale
578 5098 712 5189 patriae
727 5111 763 5168 et
777 5093 963 5172 Ecclesiae.

66 5199 280 5228 ‘'fi-b·—

93 5265 119 5332 1)
132 5287 186 5336 pro
197 5275 302 5328 catulis
315 5274 376 5330 suis
393 5274 454 5330 cod.
469 5273 552 5332 Goth.
567 5273 629 5332 189.

90 5345 118 5418 1)
136 5359 412 5414 amantissimorum
428 5363 607 5416 eeclesiarum
620 5359 725 5417 carere
739 5361 802 5420 cod.
817 5361 899 5419 Gau.
915 5361 976 5421 189.

90 5433 118 5504 S)
135 5441 221 5498 atao'e
239 5443 478 5502 autumares.

90 5517 122 5591 l)
137 5533 219 5580 tuum
236 5527 304 5588 cod.
320 5527 405 5588 Gotla.
419 5529 479 5586 189.

2022 365 2099 440 528

1207 535 1421 631 Quanquam
1435 551 1552 608 autem
1561 532 1739 632 Erinnyas
1749 537 1919 630 quasdam
1931 535 2000 608 tibi
2013 531 2100 606 hor-

1105 639 1244 708 tatrices
1261 661 1334 709 esse
1348 643 1393 708 ad
1414 639 1548 708 bellum
1565 639 1713 724 scimus,
1743 654 1861 710 tamen
1877 639 1969 708 sama
1991 638 2099 708 boni·

1105 740 1186 810 tatis
1202 754 1283 811 tuae
1298 763 1395 832 spem
1411 741 1515 810 nobis
1529 740 1634 823 lacit,
1669 753 1703 809 te
1718 741 1832 810 nostri
1849 752 1967 810 coetus
1983 733 2098 809 hone·

1105 853 1175 909 stas
1196 854 1230 911 et
1250 841 1326 932 pias
1352 865 1471 932 preces
1504 841 1740 912 admissurum
1763 863 1853 926 esse,
1891 839 2098 932 praesertim

1106 955 1236 1012 sumet
1251 966 1407 1012 caussam
1422 957 1579 1013 nostram
1596 965 1663 1012 nos
1676 942 1888 1034 probaturos
1896 963 1968 1010 esse
1981 939 2099 1010 omui-

1107 1045 1174 1110 bus
1198 1043 1263 1133 piis
1285 1067 1358 1112 non
1380 1045 1601 1127 dubitemus,
1639 1057 1673 1112 et
1696 1057 1857 1112 nostrum
1890 1041 2100 1134 periculum,

1100 1167 1187 1222 ,cum
1203 1145 1311 1214 totius
1325 1141 1503 1214 Ecclesiae
1519 1143 1676 1234 periculo
1694 1145 1923 1216 coniunctum
1945 1166 2034 1226 esse,
2061 1155 2100 1212 tu

1106 1244 1181 1334 ipse
1196 1245 1327 1313 videas.
1376 1243 1466 1314 Nam
1492 1269 1573 1314 cum
1597 1245 1636 1312 in
1659 1245 1805 1314 summis
1827 1243 1987 1334 Regibus
2009 1243 2099 1312 emi-‘-

1106 1369 1190 1414 nere
1205 1347 1346 1416 bonitas
1363 1347 1506 1430 debeat,
1540 1359 1575 1416 et
1590 1359 1624 1416 te
1639 1347 1684 1415 ad
1701 1342 1880 1415 heroicam
1894 1344 2101 1415 mansuetu·

1106 1446 1227 1516 dinem
1245 1459 1370 1516 natura
1387 1448 1564 1536 genuerit,
1597 1448 1683 1538 quid
1698 1448 1806 1517 fuerit
1828 1446 2011 1535 indignius
2029 1442 2099 1512 Im-

1105 1548 1447 1638 peratorislastigio,
1480 1561 1513 1617 et
1533 1549 1716 1616 alieniusa
1732 1561 1857 1617 natura
1880 1560 1960 1632 tua,
1993 1569 2100 1639 quam

1106 1649 1181 1718 lieri
1197 1662 1231 1718 te
1247 1650 1381 1718 alienae
1399 1650 1564 1718 saevitiae
1580 1648 1856 1718 administrum?

1207 1745 1359 1820 Audivit
1373 1749 1450 1822 Rex
1461 1751 1594 1840 Darius
1610 1750 1763 1840 puellam
1770 1747 1945 1818 Ebraeam
1961 1745 2102 1832 Hester,

1106 1851 1380 1921 intercedentem
1398 1852 1532 1920 crudeli
1546 1853 1673 1933 edicto,
1695 1874 1801 1942 seque
1816 1848 1973 1918 revocari
1989 1873 2008 1916 a
2025 1873 2100 1918 sae-

1108 1951 1192 2020 vitia
1210 1975 1332 2041 passus
1348 1967 1409 2022 est.
1450 1949 1624 2022 Davidem
1640 1949 1898 2038 flexitAbigail‚
1925 1975 2005 2019 cum
2017 1950 2100 2042 qui·-

1107 2053 1187 2120 dem
1204 2053 1292 2121 iuste
1310 2053 1419 2122 iratus
1428 2065 1527 2126 esset.
1578 2046 1632 2120 Ac
1645 2075 1824 2140 possemus
1839 2051 1968 2120 similia
1984 2075 2101 2121 exom-

1105 2153 1164 2243 pla
1178 2154 1289 2222 multa
1305 2175 1580 2222 commemorare
1592 2153 1828 2222 maximorum
1844 2149 2005 2239 Regum,
2038 2151 2102 2244 qui

1106 2253 1295 2322 mulierum
1319 2255 1481 2344 precibus
1515 2257 1558 2322 atl
1581 2253 1729 2322 meliora
1764 2251 1911 2322 consilia
1945 2251 2102 2322 revocati

1107 2351 1241 2445 sunt³).
1293 2353 1413 2441 Quare
1427 2379 1491 2422 nec
1509 2354 1572 2426 tihi
1590 2351 1786 2444 Imperator
1801 2353 2008 2423 indecorum
2023 2354 2101 2438 erit,

1106 2453 1244 2544 piarum
1259 2455 1449 2523 mulierum
1467 2455 1630 2543 precibus
1646 2478 1780 2523 morem
1795 2477 1925 2542 gerere.

1206 2551 1395 2624 Existimas
1409 2567 1545 2638 autem,
1572 2556 1738 2646 quadres
1755 2569 1817 2636 cst,
1840 2555 2024 2623 nobiscum
2041 2549 2100 2624 hie
2166 2619 2175 2634 ,

1106 2667 1218 2722 astare
1243 2655 1499 2724 sanctissimam
1533 2669 1681 2724 matrem
1713 2655 1868 2724 nostram
1892 2651 2100 2738 Ecclesiam,

1105 2779 1195 2847 quae
1213 2777 1293 2824 cum
1312 2769 1457 2846 propter
1472 2768 1592 2824 nostra
1607 2755 1771 2844 coniugia
1787 2755 2009 2846 potissimum
2027 2755 2099 2824 ira-

1106 2855 1155 2924 sci
1171 2853 1286 2943 Reges
1312 2869 1347 2926 et
1364 2855 1547 2948 Principes
1568 2857 1753 2926 universae
1776 2855 1957 2926 doctrinae
1974 2851 2098 2924 Evan-

1105 2955 1188 3046 gelii
1202 2959 1353 3042 videret,
1387 2952 1561 3028 hortatrix
1577 2957 1681 3026 nobis
1697 2957 1784 3042 luit,
1816 2969 1856 3026 ut
1877 2957 1922 3024 ad
1943 2970 1978 3026 te
2000 2980 2098 3026 acce-

1104 3059 1284 3142 deremus,
1309 3081 1349 3126 ac
1364 3060 1530 3129 mandata
1546 3059 1663 3141 dedit,
1689 3082 1779 3150 quae
1794 3071 1915 3128 nostra
1928 3079 2014 3126 voce
2029 3057 2098 3127 tibi

1105 3159 1233 3248 exponi
1256 3159 1380 3233 voluit.
1433 3157 1541 3246 Quod
1565 3173 1617 3230 est
1639 3171 1755 3228 autem
1779 3159 1906 3229 iustius
1927 3158 2097 3244 officium,

1105 3283 1209 3350 quam
1235 3283 1310 3341 eos,
1351 3260 1413 3352 qui
1437 3261 1649 3351 profitentur
1671 3282 1707 3328 sc
1731 3256 1926 3330 Ecclesiam
1948 3273 2097 3330 matrem

1105 3381 1312 3448 agnoscere,
1344 3361 1419 3432 eius
1433 3360 1679 3432 intercessioni
1696 3385 1737 3431 ac
1752 3361 1946 3432 sententiae
1962 3363 2096 3444 cedere,

1102 3461 1206 3532 iustis
1222 3461 1385 3552 precibus
1402 3486 1536 3532 morem
1552 3485 1684 3552 gerere.

1205 3576 1302 3648 Haec
1326 3579 1429 3650 initio
1451 3579 1554 3649 iussit
1571 3579 1639 3648 tibi
1655 3573 1748 3649 banc
1766 3603 1888 3647 vocem
1912 3578 2097 3649 coelestem

1104 3679 1384 3750 commemorari.
1438 3673 1518 3773 Qui
1531 3677 1686 3748 obstruit
1700 3701 1810 3749 aures
1824 3675 1999 3747 adversus
2015 3673 2097 3747 slo-

1103 3801 1239 3847 morem
1260 3781 1483 3874 pauperum,
1514 3776 1692 3848 clamabit
1710 3789 1742 3849 et
1759 3779 1853 3874 ipss,
1887 3787 2011 3847 elnon
2031 3801 2096 3847 ex-

1103 3875 1286 3953 audietur.
1338 3879 1436 3950 Tuas
1453 3873 1572 3971 prec‘es
1587 3877 1800 3970 Imperator,
1832 3880 1861 3946 si
1878 3879 1974 3956 voles
1989 3903 2096 3948 exau-

1103 3981 1185 4065 diri,
1210 4003 1277 4050 nos
1290 3981 1360 4049 iam
1372 3980 1499 4051 exaudi
1508 3982 1733 4074 deprecantes
1748 3980 1903 4064 crudele,
1922 3979 2095 4051 iniustum

1103 4094 1140 4152 et
1152 4082 1329 4152 nefarium
1346 4081 1493 4156 bellurn.

1206 4197 1375 4270 Moveare
1382 4199 1551 4270 foeminei
1565 4221 1667 4268 sexus
1675 4197 1885 4280 reverentia,
1898 4223 2002 4292 parce
2012 4225 2096 4293 par-

1102 4299 1156 4370 vis
1173 4301 1310 4392 pueris,
1336 4313 1370 4371 et
1386 4301 1532 4392 puellis,
1558 4301 1688 4396 quibus
1705 4300 1809 4373 etiam
1823 4303 1933 4392 captis
1946 4303 2095 4374 urbibus

1103 4401 1275 4472 immanes
1293 4401 1435 4472 barbari
1457 4425 1600 4495 parcere
1616 4402 1751 4487 solent,
1784 4425 1887 4493 parce
1903 4403 2036 4494 patriae
2059 4417 2094 4474 ct

1103 4499 1281 4572 Ecclesiae
1294 4499 1447 4588 Christi,
1480 4529 1569 4597 quae
1592 4518 1644 4575 est
1658 4505 1764 4575 altera
1780 4503 1954 4572 severior
1970 4504 2094 4592 patria,

1102 4603 1141 4672 in
1154 4628 1223 4695 qua
1240 4600 1295 4675 his
1309 4605 1417 4674 annis
1437 4618 1616 4676 aeternam
1632 4605 1828 4682 vastitatem
1842 4603 1980 4671 efficies.
2021 4601 2094 4674 Ve-

1101 4705 1280 4774 rissimum
1296 4719 1348 4776 est
1363 4705 1458 4776 enim
1474 4706 1565 4778 illud
1584 4705 1731 4776 Poe'tae:
1758 4696 1850 4770 Atta
1864 4697 1987 4771 sedent
2003 4701 2093 4773 eivi-

1101 4801 1150 4876 tis
1167 4801 1319 4878 vulnera
1334 4801 1497 4881 dextrae.
1537 4804 1591 4878 Ae
1607 4807 1740 4876 multae
1755 4825 1901 4892 magnae
1918 4816 1952 4874 et
1968 4827 2092 4894 graves

1099 4931 1239 4994 caussae
1259 4923 1358 4994 sunt,
1390 4933 1481 5003 quae
1501 4923 1536 4981 te
1548 4907 1699 4976 maxime
1720 4899 1787 4972 hoc
1807 4919 1984 4994 tempore,
2009 4929 2091 4976 cum
2209 4943 2213 4951 ,

1099 5007 1210 5080 Turci
1223 5011 1424 5100 vagabundi
1433 5021 1605 5099 vagantur
1619 5008 1658 5075 in
1672 5005 1803 5076 linibus
1817 5001 1983 5076 Austriae
1998 5019 2091 5093 truse,

1098 5103 1233 5182 hortari
1248 5113 1440 5192 debebant,
1464 5135 1510 5180 ne
1525 5110 1564 5177 in
1581 5106 1772 5178 Germania
1788 5105 1996 5176 intestinum
2012 5107 2091 5177 bel-

1096 5209 1172 5281 Ium
1187 5215 1410 5296 accenderes,
1444 5209 1579 5282 etiamsi
1598 5207 1780 5276 incidisset
1795 5209 2019 5299 quorundam
2035 5207 2090 5277 ri-

1098 5325 1197 5381 tuum
1221 5307 1459 5383 humanorum
1489 5309 1660 5394 mutatio,
1702 5331 1809 5402 quam
1840 5331 1915 5378 uon
1939 5309 2087 5380 omnino

1129 5533 1160 5605 5)
1178 5531 1230 5590 llic
1243 5533 1341 5590 desiuit
1354 5529 1528 5606 apographon
1542 5529 1571 5586 iu
1584 5529 1646 5588 cod.
1659 5526 1742 5584 Gau.
1758 5527 1820 5586 188.
