<?xml version="1.0" encoding="UTF-8"?>
<!DOCTYPE html PUBLIC "-//W3C//DTD XHTML 1.0 Transitional//EN"
    "http://www.w3.org/TR/xhtml1/DTD/xhtml1-transitional.dtd">
<html xmlns="http://www.w3.org/1999/xhtml" xml:lang="en" lang="en">
 <head>
  <title>
</title>
<meta http-equiv="Content-Type" content="text/html;charset=utf-8" />
  <meta name='ocr-system' content='tesseract 3.04.00' />
  <meta name='ocr-capabilities' content='ocr_page ocr_carea ocr_par ocr_line ocrx_word'/>
</head>
<body>
  <div class='ocr_page' id='page_1' title='image "./corpusreformato01bretgoog_0100.png"; bbox 0 0 4754 6260; ppageno 0'>
   <div class='ocr_carea' id='block_1_1' title="bbox 252 341 2292 459">
    <p class='ocr_par' dir='ltr' id='par_1_1' title="bbox 252 341 2292 459">
     <span class='ocr_line' id='line_1_1' title="bbox 252 341 2292 459; baseline -0.021 -2"><span class='ocrx_word' id='word_1_1' title='bbox 252 383 325 459; x_wconf 84' lang='lat' dir='ltr'>tts</span> <span class='ocrx_word' id='word_1_2' title='bbox 712 425 721 440; x_wconf 82' lang='grc'><em>,</em></span> <span class='ocrx_word' id='word_1_3' title='bbox 830 347 1263 437; x_wconf 82' lang='lat' dir='ltr'><strong>EPISTOLARUM</strong></span> <span class='ocrx_word' id='word_1_4' title='bbox 1326 351 1519 432; x_wconf 74' lang='lat' dir='ltr'>mult.</span> <span class='ocrx_word' id='word_1_5' title='bbox 1580 346 1716 428; x_wconf 81' lang='lat'><strong>1546.</strong></span> <span class='ocrx_word' id='word_1_6' title='bbox 2219 341 2292 418; x_wconf 80' lang='lat'>144</span> 
     </span>
    </p>
   </div>
   <div class='ocr_carea' id='block_1_2' title="bbox 161 519 2300 2490">
    <p class='ocr_par' dir='ltr' id='par_1_2' title="bbox 161 519 2300 2490">
     <span class='ocr_line' id='line_1_2' title="bbox 255 519 2293 654; baseline -0.026 -23"><span class='ocrx_word' id='word_1_7' title='bbox 255 571 375 654; x_wconf 88' lang='lat' dir='ltr'>genter</span> <span class='ocrx_word' id='word_1_8' title='bbox 398 544 649 644; x_wconf 78' lang='lat' dir='ltr'>inquisivimus</span> <span class='ocrx_word' id='word_1_9' title='bbox 670 539 745 610; x_wconf 90' lang='lat' dir='ltr'>eius</span> <span class='ocrx_word' id='word_1_10' title='bbox 769 535 923 608; x_wconf 89' lang='lat' dir='ltr'>rationes</span> <span class='ocrx_word' id='word_1_11' title='bbox 944 531 985 601; x_wconf 90' lang='lat' dir='ltr'>in</span> <span class='ocrx_word' id='word_1_12' title='bbox 1000 525 1128 600; x_wconf 85' lang='lat' dir='ltr'>studiis</span> <span class='ocrx_word' id='word_1_13' title='bbox 1142 537 1177 595; x_wconf 90' lang='lat' dir='ltr'>et</span> <span class='ocrx_word' id='word_1_14' title='bbox 1191 521 1248 592; x_wconf 83' lang='lat' dir='ltr'>vi·</span> <span class='ocrx_word' id='word_1_15' title='bbox 1297 525 1445 598; x_wconf 91' lang='lat' dir='ltr'>nomine</span> <span class='ocrx_word' id='word_1_16' title='bbox 1462 525 1592 616; x_wconf 87' lang='lat' dir='ltr'>gratias</span> <span class='ocrx_word' id='word_1_17' title='bbox 1605 521 1654 600; x_wconf 87' lang='lat' dir='ltr'>R.</span> <span class='ocrx_word' id='word_1_18' title='bbox 1673 521 1719 598; x_wconf 89' lang='lat' dir='ltr'>V.</span> <span class='ocrx_word' id='word_1_19' title='bbox 1734 519 1789 597; x_wconf 88' lang='lat' dir='ltr'>M.</span> <span class='ocrx_word' id='word_1_20' title='bbox 1802 520 1958 611; x_wconf 81' lang='lat' dir='ltr'>agimus,</span> <span class='ocrx_word' id='word_1_21' title='bbox 1983 529 2018 590; x_wconf 90' lang='lat' dir='ltr'>et</span> <span class='ocrx_word' id='word_1_22' title='bbox 2038 539 2204 609; x_wconf 77' lang='lat' dir='ltr'>rogamus</span> <span class='ocrx_word' id='word_1_23' title='bbox 2251 529 2293 586; x_wconf 87' lang='lat' dir='ltr'>ut</span> 
     </span>
     <span class='ocr_line' id='line_1_3' title="bbox 256 571 2292 738; baseline -0.026 -1"><span class='ocrx_word' id='word_1_24' title='bbox 256 682 329 737; x_wconf 88' lang='lat' dir='ltr'>tam</span> <span class='ocrx_word' id='word_1_25' title='bbox 357 657 454 738; x_wconf 89' lang='lat' dir='ltr'>eius,</span> <span class='ocrx_word' id='word_1_26' title='bbox 480 675 519 721; x_wconf 91' lang='lat' dir='ltr'>ac</span> <span class='ocrx_word' id='word_1_27' title='bbox 542 643 797 736; x_wconf 74' lang='lat' dir='ltr'>comperimus,</span> <span class='ocrx_word' id='word_1_28' title='bbox 822 640 939 730; x_wconf 91' lang='lat' dir='ltr'>ipsum</span> <span class='ocrx_word' id='word_1_29' title='bbox 963 630 1141 726; x_wconf 87' lang='lat' dir='ltr'>praeclare</span> <span class='ocrx_word' id='word_1_30' title='bbox 1163 647 1250 718; x_wconf 86' lang='lat' dir='ltr'>pro·</span> <span class='ocrx_word' id='word_1_31' title='bbox 1297 652 1404 720; x_wconf 90' lang='lat' dir='ltr'>porro</span> <span class='ocrx_word' id='word_1_32' title='bbox 1427 624 1512 700; x_wconf 86' lang='lat' dir='ltr'>haic</span> <span class='ocrx_word' id='word_1_33' title='bbox 1528 623 1566 698; x_wconf 86' lang='lat' dir='ltr'><em>T</em></span> <span class='ocrx_word' id='word_1_34' title='bbox 1565 619 1703 722; x_wconf 64' lang='lat' dir='ltr'>isychio</span> <span class='ocrx_word' id='word_1_35' title='bbox 1725 623 1861 717; x_wconf 88' lang='lat' dir='ltr'>aliquid</span> <span class='ocrx_word' id='word_1_36' title='bbox 1885 621 2028 692; x_wconf 88' lang='lat' dir='ltr'>adiiciat</span> <span class='ocrx_word' id='word_1_37' title='bbox 2049 618 2095 693; x_wconf 85' lang='lat' dir='ltr'>R.</span> <span class='ocrx_word' id='word_1_38' title='bbox 2112 619 2157 693; x_wconf 87' lang='lat' dir='ltr'>V.</span> <span class='ocrx_word' id='word_1_39' title='bbox 2175 571 2292 688; x_wconf 71' lang='lat' dir='ltr'>Mirie-</span> 
     </span>
     <span class='ocr_line' id='line_1_4' title="bbox 256 722 2295 838; baseline -0.025 0"><span class='ocrx_word' id='word_1_40' title='bbox 256 764 379 838; x_wconf 84' lang='lat' dir='ltr'>iecisse</span> <span class='ocrx_word' id='word_1_41' title='bbox 402 759 442 825; x_wconf 92' lang='lat' dir='ltr'>in</span> <span class='ocrx_word' id='word_1_42' title='bbox 461 755 639 824; x_wconf 89' lang='lat' dir='ltr'>bonarum</span> <span class='ocrx_word' id='word_1_43' title='bbox 665 745 796 814; x_wconf 90' lang='lat' dir='ltr'>artium</span> <span class='ocrx_word' id='word_1_44' title='bbox 820 739 967 820; x_wconf 88' lang='lat' dir='ltr'>studiis,</span> <span class='ocrx_word' id='word_1_45' title='bbox 993 733 1123 826; x_wconf 89' lang='lat' dir='ltr'>quibus</span> <span class='ocrx_word' id='word_1_46' title='bbox 1147 725 1250 799; x_wconf 90' lang='lat' dir='ltr'>etad</span> <span class='ocrx_word' id='word_1_47' title='bbox 1299 731 1396 802; x_wconf 83' lang='lat' dir='ltr'>statis</span> <span class='ocrx_word' id='word_1_48' title='bbox 1412 731 1627 813; x_wconf 75' lang='lat' dir='ltr'>liberalitas,</span> <span class='ocrx_word' id='word_1_49' title='bbox 1653 730 1749 799; x_wconf 87' lang='lat' dir='ltr'>unde</span> <span class='ocrx_word' id='word_1_50' title='bbox 1772 722 1829 796; x_wconf 91' lang='lat' dir='ltr'>his</span> <span class='ocrx_word' id='word_1_51' title='bbox 1846 725 1915 816; x_wconf 89' lang='lat' dir='ltr'>piis</span> <span class='ocrx_word' id='word_1_52' title='bbox 1929 722 2055 792; x_wconf 89' lang='lat' dir='ltr'>studiis</span> <span class='ocrx_word' id='word_1_53' title='bbox 2076 735 2110 793; x_wconf 90' lang='lat' dir='ltr'>et</span> <span class='ocrx_word' id='word_1_54' title='bbox 2132 743 2295 791; x_wconf 88' lang='lat' dir='ltr'>necessa-</span> 
     </span>
     <span class='ocr_line' id='line_1_5' title="bbox 258 821 2295 938; baseline -0.044 -1"><span class='ocrx_word' id='word_1_55' title='bbox 258 871 350 938; x_wconf 91' lang='lat' dir='ltr'>vitae</span> <span class='ocrx_word' id='word_1_56' title='bbox 370 857 547 930; x_wconf 81' lang='lat' dir='ltr'>humanae</span> <span class='ocrx_word' id='word_1_57' title='bbox 571 873 694 928; x_wconf 89' lang='lat' dir='ltr'>usum,</span> <span class='ocrx_word' id='word_1_58' title='bbox 727 845 822 915; x_wconf 89' lang='lat' dir='ltr'>etad</span> <span class='ocrx_word' id='word_1_59' title='bbox 839 839 1020 912; x_wconf 90' lang='lat' dir='ltr'>doctrinae</span> <span class='ocrx_word' id='word_1_60' title='bbox 1035 829 1251 904; x_wconf 82' lang='lat' dir='ltr'>christianae</span> <span class='ocrx_word' id='word_1_61' title='bbox 1298 834 1362 902; x_wconf 71' lang='lat' dir='ltr'>riis</span> <span class='ocrx_word' id='word_1_62' title='bbox 1379 834 1601 903; x_wconf 63' lang='lat' dir='ltr'>commodius</span> <span class='ocrx_word' id='word_1_63' title='bbox 1615 854 1739 900; x_wconf 58' lang='lat' dir='ltr'>vacare</span> <span class='ocrx_word' id='word_1_64' title='bbox 1754 828 1874 920; x_wconf 50' lang='lat' dir='ltr'>possit,</span> <span class='ocrx_word' id='word_1_65' title='bbox 1925 824 2045 895; x_wconf 48' lang='lat' dir='ltr'>Faciet</span> <span class='ocrx_word' id='word_1_66' title='bbox 2058 821 2105 898; x_wconf 47' lang='lat' dir='ltr'>R·</span> <span class='ocrx_word' id='word_1_67' title='bbox 2119 821 2173 898; x_wconf 48' lang='lat' dir='ltr'>M·</span> <span class='ocrx_word' id='word_1_68' title='bbox 2187 821 2231 896; x_wconf 47' lang='lat' dir='ltr'>v·</span> <span class='ocrx_word' id='word_1_69' title='bbox 2255 822 2295 890; x_wconf 63' lang='lat' dir='ltr'>in</span> 
     </span>
     <span class='ocr_line' id='line_1_6' title="bbox 259 924 2296 1059; baseline -0.024 -16"><span class='ocrx_word' id='word_1_70' title='bbox 259 962 527 1059; x_wconf 83' lang='lat' dir='ltr'>explicationem</span> <span class='ocrx_word' id='word_1_71' title='bbox 552 966 587 1022; x_wconf 91' lang='lat' dir='ltr'>et</span> <span class='ocrx_word' id='word_1_72' title='bbox 607 946 896 1042; x_wconf 85' lang='lat' dir='ltr'>propagationem</span> <span class='ocrx_word' id='word_1_73' title='bbox 919 939 1071 1008; x_wconf 86' lang='lat' dir='ltr'>maxime</span> <span class='ocrx_word' id='word_1_74' title='bbox 1086 957 1176 1025; x_wconf 89' lang='lat' dir='ltr'>opus</span> <span class='ocrx_word' id='word_1_75' title='bbox 1190 943 1264 1017; x_wconf 62' lang='lat' dir='ltr'>est.⁴</span> <span class='ocrx_word' id='word_1_76' title='bbox 1300 931 1368 1004; x_wconf 93' lang='lat' dir='ltr'>hac</span> <span class='ocrx_word' id='word_1_77' title='bbox 1392 958 1429 1004; x_wconf 91' lang='lat' dir='ltr'>re</span> <span class='ocrx_word' id='word_1_78' title='bbox 1453 931 1630 1024; x_wconf 91' lang='lat' dir='ltr'>opusDeo</span> <span class='ocrx_word' id='word_1_79' title='bbox 1656 944 1814 1022; x_wconf 89' lang='lat' dir='ltr'>gratum,</span> <span class='ocrx_word' id='word_1_80' title='bbox 1836 928 1901 1021; x_wconf 91' lang='lat' dir='ltr'>qui</span> <span class='ocrx_word' id='word_1_81' title='bbox 1914 924 2011 997; x_wconf 91' lang='lat' dir='ltr'>haud</span> <span class='ocrx_word' id='word_1_82' title='bbox 2025 926 2134 996; x_wconf 91' lang='lat' dir='ltr'>dubie</span> <span class='ocrx_word' id='word_1_83' title='bbox 2147 938 2296 1018; x_wconf 89' lang='lat' dir='ltr'>propter</span> 
     </span>
     <span class='ocr_line' id='line_1_7' title="bbox 161 1029 2296 1145; baseline -0.032 5"><span class='ocrx_word' id='word_1_84' title='bbox 161 1127 167 1142; x_wconf 71' lang='lat'><strong>.</strong></span> <span class='ocrx_word' id='word_1_85' title='bbox 259 1072 352 1145; x_wconf 90' lang='lat' dir='ltr'>Nam</span> <span class='ocrx_word' id='word_1_86' title='bbox 382 1063 493 1133; x_wconf 89' lang='lat' dir='ltr'>latina</span> <span class='ocrx_word' id='word_1_87' title='bbox 520 1057 642 1145; x_wconf 88' lang='lat' dir='ltr'>lingua</span> <span class='ocrx_word' id='word_1_88' title='bbox 674 1049 833 1142; x_wconf 88' lang='lat' dir='ltr'>expedite</span> <span class='ocrx_word' id='word_1_89' title='bbox 856 1057 890 1114; x_wconf 90' lang='lat' dir='ltr'>et</span> <span class='ocrx_word' id='word_1_90' title='bbox 918 1039 1054 1131; x_wconf 85' lang='lat' dir='ltr'>egregie</span> <span class='ocrx_word' id='word_1_91' title='bbox 1075 1036 1193 1106; x_wconf 85' lang='lat' dir='ltr'>utitur</span> <span class='ocrx_word' id='word_1_92' title='bbox 1220 1044 1254 1100; x_wconf 82' lang='lat' dir='ltr'>et</span> <span class='ocrx_word' id='word_1_93' title='bbox 1300 1048 1433 1105; x_wconf 89' lang='lat' dir='ltr'>vestras</span> <span class='ocrx_word' id='word_1_94' title='bbox 1449 1037 1604 1128; x_wconf 88' lang='lat' dir='ltr'>reliquas</span> <span class='ocrx_word' id='word_1_95' title='bbox 1622 1035 1771 1104; x_wconf 87' lang='lat' dir='ltr'>virtutes</span> <span class='ocrx_word' id='word_1_96' title='bbox 1787 1045 1821 1102; x_wconf 90' lang='lat' dir='ltr'>et</span> <span class='ocrx_word' id='word_1_97' title='bbox 1837 1032 1926 1100; x_wconf 87' lang='lat' dir='ltr'>tales</span> <span class='ocrx_word' id='word_1_98' title='bbox 1949 1029 2188 1122; x_wconf 84' lang='lat' dir='ltr'>eleemosynas</span> <span class='ocrx_word' id='word_1_99' title='bbox 2211 1051 2296 1096; x_wconf 79' lang='lat' dir='ltr'>mu.</span> 
     </span>
     <span class='ocr_line' id='line_1_8' title="bbox 261 1129 2295 1267; baseline -0.025 -22"><span class='ocrx_word' id='word_1_100' title='bbox 261 1162 516 1267; x_wconf 90' lang='lat' dir='ltr'>graecedidicit</span> <span class='ocrx_word' id='word_1_101' title='bbox 531 1183 571 1228; x_wconf 87' lang='lat' dir='ltr'>ea</span> <span class='ocrx_word' id='word_1_102' title='bbox 585 1153 763 1235; x_wconf 78' lang='lat' dir='ltr'>facilitate,</span> <span class='ocrx_word' id='word_1_103' title='bbox 779 1163 819 1220; x_wconf 94' lang='lat' dir='ltr'>ut</span> <span class='ocrx_word' id='word_1_104' title='bbox 834 1147 873 1216; x_wconf 91' lang='lat' dir='ltr'>in</span> <span class='ocrx_word' id='word_1_105' title='bbox 890 1143 997 1214; x_wconf 88' lang='lat' dir='ltr'>sacris</span> <span class='ocrx_word' id='word_1_106' title='bbox 1014 1137 1127 1210; x_wconf 87' lang='lat' dir='ltr'>literis</span> <span class='ocrx_word' id='word_1_107' title='bbox 1141 1132 1253 1204; x_wconf 83' lang='lat' dir='ltr'>multe</span> <span class='ocrx_word' id='word_1_108' title='bbox 1301 1139 1378 1207; x_wconf 87' lang='lat' dir='ltr'>niet</span> <span class='ocrx_word' id='word_1_109' title='bbox 1389 1135 1436 1212; x_wconf 82' lang='lat' dir='ltr'>R.</span> <span class='ocrx_word' id='word_1_110' title='bbox 1453 1136 1506 1208; x_wconf 87' lang='lat' dir='ltr'>M.</span> <span class='ocrx_word' id='word_1_111' title='bbox 1522 1135 1566 1210; x_wconf 90' lang='lat' dir='ltr'>V.</span> <span class='ocrx_word' id='word_1_112' title='bbox 1583 1159 1757 1226; x_wconf 89' lang='lat' dir='ltr'>regnum,</span> <span class='ocrx_word' id='word_1_113' title='bbox 1780 1155 1856 1201; x_wconf 90' lang='lat' dir='ltr'>non</span> <span class='ocrx_word' id='word_1_114' title='bbox 1877 1132 1993 1201; x_wconf 90' lang='lat' dir='ltr'>solum</span> <span class='ocrx_word' id='word_1_115' title='bbox 2010 1153 2093 1222; x_wconf 91' lang='lat' dir='ltr'>pace</span> <span class='ocrx_word' id='word_1_116' title='bbox 2110 1144 2143 1200; x_wconf 85' lang='lat' dir='ltr'>et</span> <span class='ocrx_word' id='word_1_117' title='bbox 2159 1129 2295 1222; x_wconf 90' lang='lat' dir='ltr'>praesi-</span> 
     </span>
     <span class='ocr_line' id='line_1_9' title="bbox 260 1231 2297 1372; baseline -0.029 -15"><span class='ocrx_word' id='word_1_118' title='bbox 260 1285 409 1372; x_wconf 68' lang='lat' dir='ltr'>propiet</span> <span class='ocrx_word' id='word_1_119' title='bbox 430 1265 506 1336; x_wconf 63' lang='lat'>²1⁰⁵</span> <span class='ocrx_word' id='word_1_120' title='bbox 527 1261 669 1347; x_wconf 61' lang='lat' dir='ltr'>lingna?</span> <span class='ocrx_word' id='word_1_121' title='bbox 690 1251 927 1342; x_wconf 69' lang='lat' dir='ltr'>c⁰gniii⁰nssm</span> <span class='ocrx_word' id='word_1_122' title='bbox 950 1240 1081 1313; x_wconf 67' lang='lat' dir='ltr'>maiori</span> <span class='ocrx_word' id='word_1_123' title='bbox 1101 1235 1255 1308; x_wconf 75' lang='lat' dir='ltr'>dexteri·</span> <span class='ocrx_word' id='word_1_124' title='bbox 1302 1240 1371 1310; x_wconf 90' lang='lat' dir='ltr'>diis</span> <span class='ocrx_word' id='word_1_125' title='bbox 1393 1263 1433 1308; x_wconf 90' lang='lat' dir='ltr'>ac</span> <span class='ocrx_word' id='word_1_126' title='bbox 1456 1239 1674 1308; x_wconf 70' lang='lat' dir='ltr'>ornamentis</span> <span class='ocrx_word' id='word_1_127' title='bbox 1695 1234 1881 1319; x_wconf 89' lang='lat' dir='ltr'>civilibus,</span> <span class='ocrx_word' id='word_1_128' title='bbox 1914 1235 1976 1303; x_wconf 89' lang='lat' dir='ltr'>sed</span> <span class='ocrx_word' id='word_1_129' title='bbox 2005 1244 2040 1301; x_wconf 89' lang='lat' dir='ltr'>et</span> <span class='ocrx_word' id='word_1_130' title='bbox 2061 1231 2211 1302; x_wconf 84' lang='lat' dir='ltr'>donabit</span> <span class='ocrx_word' id='word_1_131' title='bbox 2234 1255 2297 1300; x_wconf 92' lang='lat' dir='ltr'>co-</span> 
     </span>
     <span class='ocr_line' id='line_1_10' title="bbox 262 1330 2297 1451; baseline -0.047 0"><span class='ocrx_word' id='word_1_132' title='bbox 262 1391 334 1451; x_wconf 90' lang='lat' dir='ltr'>tate</span> <span class='ocrx_word' id='word_1_133' title='bbox 351 1369 559 1442; x_wconf 90' lang='lat' dir='ltr'>iudicareet</span> <span class='ocrx_word' id='word_1_134' title='bbox 574 1358 745 1450; x_wconf 84' lang='lat' dir='ltr'>explicare</span> <span class='ocrx_word' id='word_1_135' title='bbox 762 1351 881 1444; x_wconf 88' lang='lat' dir='ltr'>possit.</span> <span class='ocrx_word' id='word_1_136' title='bbox 916 1344 964 1418; x_wconf 92' lang='lat' dir='ltr'>Et</span> <span class='ocrx_word' id='word_1_137' title='bbox 978 1341 1147 1438; x_wconf 91' lang='lat' dir='ltr'>quoniam</span> <span class='ocrx_word' id='word_1_138' title='bbox 1166 1359 1256 1429; x_wconf 89' lang='lat' dir='ltr'>opus</span> <span class='ocrx_word' id='word_1_139' title='bbox 1302 1343 1418 1434; x_wconf 59' lang='lat' dir='ltr'>piosa,</span> <span class='ocrx_word' id='word_1_140' title='bbox 1435 1341 1577 1411; x_wconf 51' lang='lat' dir='ltr'>divitia,</span> <span class='ocrx_word' id='word_1_141' title='bbox 1601 1341 1640 1408; x_wconf 68' lang='lat' dir='ltr'>in</span> <span class='ocrx_word' id='word_1_142' title='bbox 1657 1339 1721 1407; x_wconf 76' lang='lat' dir='ltr'>fiffi</span> <span class='ocrx_word' id='word_1_143' title='bbox 1736 1334 1955 1415; x_wconf 50' lang='lat' dir='ltr'>gamotida,</span> <span class='ocrx_word' id='word_1_144' title='bbox 1981 1333 2125 1426; x_wconf 58' lang='lat' dir='ltr'>quaein</span> <span class='ocrx_word' id='word_1_145' title='bbox 2141 1330 2208 1404; x_wconf 57' lang='lat' dir='ltr'>hac</span> <span class='ocrx_word' id='word_1_146' title='bbox 2223 1333 2297 1403; x_wconf 60' lang='lat' dir='ltr'>vim</span> 
     </span>
     <span class='ocr_line' id='line_1_11' title="bbox 264 1429 2296 1552; baseline -0.024 -1"><span class='ocrx_word' id='word_1_147' title='bbox 264 1492 316 1552; x_wconf 90' lang='lat' dir='ltr'>est</span> <span class='ocrx_word' id='word_1_148' title='bbox 339 1474 378 1544; x_wconf 95' lang='lat' dir='ltr'>in</span> <span class='ocrx_word' id='word_1_149' title='bbox 400 1468 560 1542; x_wconf 90' lang='lat' dir='ltr'>docendo</span> <span class='ocrx_word' id='word_1_150' title='bbox 586 1474 680 1532; x_wconf 92' lang='lat' dir='ltr'>recta</span> <span class='ocrx_word' id='word_1_151' title='bbox 701 1457 857 1532; x_wconf 89' lang='lat' dir='ltr'>ratione,</span> <span class='ocrx_word' id='word_1_152' title='bbox 884 1464 919 1520; x_wconf 91' lang='lat' dir='ltr'>et</span> <span class='ocrx_word' id='word_1_153' title='bbox 940 1446 1162 1518; x_wconf 88' lang='lat' dir='ltr'>eruditorum</span> <span class='ocrx_word' id='word_1_154' title='bbox 1187 1436 1265 1535; x_wconf 83' lang='lat' dir='ltr'>ho·¹</span> <span class='ocrx_word' id='word_1_155' title='bbox 1304 1459 1337 1514; x_wconf 92' lang='lat' dir='ltr'>et</span> <span class='ocrx_word' id='word_1_156' title='bbox 1350 1445 1467 1514; x_wconf 90' lang='lat' dir='ltr'>futura</span> <span class='ocrx_word' id='word_1_157' title='bbox 1484 1457 1690 1533; x_wconf 89' lang='lat' dir='ltr'>perpetuam</span> <span class='ocrx_word' id='word_1_158' title='bbox 1704 1437 1931 1508; x_wconf 82' lang='lat' dir='ltr'>foelicitatem</span> <span class='ocrx_word' id='word_1_159' title='bbox 1947 1435 2063 1508; x_wconf 86' lang='lat' dir='ltr'>offert.</span> <span class='ocrx_word' id='word_1_160' title='bbox 2085 1429 2218 1523; x_wconf 85' lang='lat' dir='ltr'>&#39;Quod</span> <span class='ocrx_word' id='word_1_161' title='bbox 2235 1459 2296 1504; x_wconf 92' lang='lat' dir='ltr'>su-</span> 
     </span>
     <span class='ocr_line' id='line_1_12' title="bbox 264 1534 2296 1658; baseline -0.023 -6"><span class='ocrx_word' id='word_1_162' title='bbox 264 1581 404 1652; x_wconf 90' lang='lat' dir='ltr'>minum</span> <span class='ocrx_word' id='word_1_163' title='bbox 426 1565 692 1658; x_wconf 89' lang='lat' dir='ltr'>disputationes</span> <span class='ocrx_word' id='word_1_164' title='bbox 711 1561 755 1628; x_wconf 91' lang='lat' dir='ltr'>de</span> <span class='ocrx_word' id='word_1_165' title='bbox 778 1578 897 1626; x_wconf 90' lang='lat' dir='ltr'>rerum</span> <span class='ocrx_word' id='word_1_166' title='bbox 920 1564 1047 1620; x_wconf 87' lang='lat' dir='ltr'>natura</span> <span class='ocrx_word' id='word_1_167' title='bbox 1069 1569 1110 1614; x_wconf 88' lang='lat' dir='ltr'>ex</span> <span class='ocrx_word' id='word_1_168' title='bbox 1143 1540 1256 1612; x_wconf 89' lang='lat' dir='ltr'>causis</span> <span class='ocrx_word' id='word_1_169' title='bbox 1304 1559 1437 1637; x_wconf 74' lang='lat' dir='ltr'>petest,</span> <span class='ocrx_word' id='word_1_170' title='bbox 1463 1542 1509 1616; x_wconf 89' lang='lat' dir='ltr'>R.</span> <span class='ocrx_word' id='word_1_171' title='bbox 1524 1542 1577 1612; x_wconf 88' lang='lat' dir='ltr'>M.</span> <span class='ocrx_word' id='word_1_172' title='bbox 1593 1542 1638 1613; x_wconf 88' lang='lat' dir='ltr'>V.</span> <span class='ocrx_word' id='word_1_173' title='bbox 1653 1541 2097 1612; x_wconf 88' lang='lat' dir='ltr'>commendamusaeterno</span> <span class='ocrx_word' id='word_1_174' title='bbox 2113 1534 2213 1608; x_wconf 88' lang='lat' dir='ltr'>Patri</span> <span class='ocrx_word' id='word_1_175' title='bbox 2230 1538 2296 1606; x_wconf 90' lang='lat' dir='ltr'>do-</span> 
     </span>
     <span class='ocr_line' id='line_1_13' title="bbox 263 1637 2298 1754; baseline -0.026 0"><span class='ocrx_word' id='word_1_176' title='bbox 263 1683 438 1754; x_wconf 85' lang='lat' dir='ltr'>virtutum</span> <span class='ocrx_word' id='word_1_177' title='bbox 452 1685 488 1740; x_wconf 90' lang='lat' dir='ltr'>et</span> <span class='ocrx_word' id='word_1_178' title='bbox 501 1666 662 1738; x_wconf 87' lang='lat' dir='ltr'>civilium</span> <span class='ocrx_word' id='word_1_179' title='bbox 676 1659 875 1732; x_wconf 81' lang='lat' dir='ltr'>officiorum</span> <span class='ocrx_word' id='word_1_180' title='bbox 885 1648 1153 1742; x_wconf 85' lang='lat' dir='ltr'>diligentissime</span> <span class='ocrx_word' id='word_1_181' title='bbox 1173 1666 1256 1732; x_wconf 76' lang='lat' dir='ltr'>cog-</span> <span class='ocrx_word' id='word_1_182' title='bbox 1304 1648 1396 1716; x_wconf 90' lang='lat' dir='ltr'>mini</span> <span class='ocrx_word' id='word_1_183' title='bbox 1417 1645 1530 1715; x_wconf 89' lang='lat' dir='ltr'>nostri</span> <span class='ocrx_word' id='word_1_184' title='bbox 1553 1644 1633 1715; x_wconf 90' lang='lat' dir='ltr'>lesu</span> <span class='ocrx_word' id='word_1_185' title='bbox 1654 1637 1812 1728; x_wconf 85' lang='lat' dir='ltr'>Christi,</span> <span class='ocrx_word' id='word_1_186' title='bbox 1842 1655 1882 1710; x_wconf 89' lang='lat' dir='ltr'>ut</span> <span class='ocrx_word' id='word_1_187' title='bbox 1904 1654 2072 1731; x_wconf 89' lang='lat' dir='ltr'>perpetua</span> <span class='ocrx_word' id='word_1_188' title='bbox 2093 1639 2240 1708; x_wconf 88' lang='lat' dir='ltr'>fortuna</span> <span class='ocrx_word' id='word_1_189' title='bbox 2264 1651 2298 1706; x_wconf 89' lang='lat' dir='ltr'>et</span> 
     </span>
     <span class='ocr_line' id='line_1_14' title="bbox 263 1739 2298 1864; baseline -0.03 -10"><span class='ocrx_word' id='word_1_190' title='bbox 263 1781 383 1864; x_wconf 89' lang='lat' dir='ltr'>novit,</span> <span class='ocrx_word' id='word_1_191' title='bbox 420 1799 460 1845; x_wconf 87' lang='lat' dir='ltr'>ac</span> <span class='ocrx_word' id='word_1_192' title='bbox 491 1769 668 1842; x_wconf 86' lang='lat' dir='ltr'>eruditam</span> <span class='ocrx_word' id='word_1_193' title='bbox 695 1772 791 1834; x_wconf 90' lang='lat' dir='ltr'>tenet</span> <span class='ocrx_word' id='word_1_194' title='bbox 819 1753 1107 1830; x_wconf 86' lang='lat' dir='ltr'>distributionem</span> <span class='ocrx_word' id='word_1_195' title='bbox 1135 1771 1174 1816; x_wconf 90' lang='lat' dir='ltr'>ac</span> <span class='ocrx_word' id='word_1_196' title='bbox 1203 1767 1259 1812; x_wconf 90' lang='lat' dir='ltr'>se·</span> <span class='ocrx_word' id='word_1_197' title='bbox 1304 1748 1436 1818; x_wconf 84' lang='lat' dir='ltr'>virtute</span> <span class='ocrx_word' id='word_1_198' title='bbox 1454 1749 1597 1831; x_wconf 87' lang='lat' dir='ltr'>floreat,</span> <span class='ocrx_word' id='word_1_199' title='bbox 1631 1747 1726 1840; x_wconf 89' lang='lat' dir='ltr'>quod</span> <span class='ocrx_word' id='word_1_200' title='bbox 1749 1755 1791 1815; x_wconf 90' lang='lat' dir='ltr'>ut</span> <span class='ocrx_word' id='word_1_201' title='bbox 1808 1742 1871 1812; x_wconf 88' lang='lat' dir='ltr'>fiat</span> <span class='ocrx_word' id='word_1_202' title='bbox 1890 1763 2077 1833; x_wconf 77' lang='lat' dir='ltr'>precamur</span> <span class='ocrx_word' id='word_1_203' title='bbox 2100 1763 2141 1808; x_wconf 69' lang='lat' dir='ltr'>ex</span> <span class='ocrx_word' id='word_1_204' title='bbox 2163 1739 2298 1808; x_wconf 74' lang='lat' dir='ltr'>animo,</span> 
     </span>
     <span class='ocr_line' id='line_1_15' title="bbox 265 1841 2298 1968; baseline -0.045 -12"><span class='ocrx_word' id='word_1_205' title='bbox 265 1871 619 1968; x_wconf 90' lang='lat' dir='ltr'>riemtemporumab</span> <span class='ocrx_word' id='word_1_206' title='bbox 636 1867 741 1936; x_wconf 88' lang='lat' dir='ltr'>initio</span> <span class='ocrx_word' id='word_1_207' title='bbox 755 1861 1006 1962; x_wconf 78' lang='lat' dir='ltr'>mundiusque</span> <span class='ocrx_word' id='word_1_208' title='bbox 1022 1855 1065 1922; x_wconf 91' lang='lat' dir='ltr'>ad</span> <span class='ocrx_word' id='word_1_209' title='bbox 1083 1845 1176 1918; x_wconf 91' lang='lat' dir='ltr'>hanc</span> <span class='ocrx_word' id='word_1_210' title='bbox 1192 1869 1260 1916; x_wconf 87' lang='lat' dir='ltr'>nn-</span> <span class='ocrx_word' id='word_1_211' title='bbox 1296 1847 1404 1922; x_wconf 58' lang='grc' dir='ltr'><strong>’Βςῃρ</strong></span> <span class='ocrx_word' id='word_1_212' title='bbox 1429 1851 1543 1919; x_wconf 59' lang='lat' dir='ltr'>valeat</span> <span class='ocrx_word' id='word_1_213' title='bbox 1569 1847 1616 1921; x_wconf 71' lang='lat' dir='ltr'>R,</span> <span class='ocrx_word' id='word_1_214' title='bbox 1636 1846 1690 1918; x_wconf 61' lang='grc' dir='ltr'>Μ,</span> <span class='ocrx_word' id='word_1_215' title='bbox 1712 1843 1758 1922; x_wconf 54' lang='lat' dir='ltr'>v·</span> <span class='ocrx_word' id='word_1_216' title='bbox 1817 1841 1930 1917; x_wconf 52' lang='lat' dir='ltr'><strong>natae</strong></span> <span class='ocrx_word' id='word_1_217' title='bbox 1956 1841 2209 1932; x_wconf 55' lang='lat' dir='ltr'>winebergae</span> <span class='ocrx_word' id='word_1_218' title='bbox 2240 1841 2298 1910; x_wconf 60' lang='lat' dir='ltr'>die</span> 
     </span>
     <span class='ocr_line' id='line_1_16' title="bbox 266 1945 1602 2061; baseline -0.03 -3"><span class='ocrx_word' id='word_1_219' title='bbox 266 2005 374 2060; x_wconf 90' lang='lat' dir='ltr'>stram</span> <span class='ocrx_word' id='word_1_220' title='bbox 391 1993 551 2050; x_wconf 88' lang='lat' dir='ltr'>aetatem.</span> <span class='ocrx_word' id='word_1_221' title='bbox 593 1969 638 2038; x_wconf 91' lang='lat' dir='ltr'>ln</span> <span class='ocrx_word' id='word_1_222' title='bbox 654 1949 1174 2061; x_wconf 76' lang='lat' dir='ltr'>quadoctrinasimulnec&#39;esse</span> <span class='ocrx_word' id='word_1_223' title='bbox 1192 1945 1259 2016; x_wconf 88' lang='lat' dir='ltr'>luit</span> <span class='ocrx_word' id='word_1_224' title='bbox 1307 1945 1602 2030; x_wconf 70' lang='lat' dir='ltr'>atalantam.</span> 
     </span>
     <span class='ocr_line' id='line_1_17' title="bbox 266 2050 1258 2172; baseline -0.045 -12"><span class='ocrx_word' id='word_1_225' title='bbox 266 2111 347 2160; x_wconf 87' lang='lat' dir='ltr'>eum</span> <span class='ocrx_word' id='word_1_226' title='bbox 363 2076 552 2172; x_wconf 87' lang='lat' dir='ltr'>complecti</span> <span class='ocrx_word' id='word_1_227' title='bbox 575 2069 743 2142; x_wconf 87' lang='lat' dir='ltr'>noticiam</span> <span class='ocrx_word' id='word_1_228' title='bbox 759 2059 981 2156; x_wconf 83' lang='lat' dir='ltr'>antiquitatis</span> <span class='ocrx_word' id='word_1_229' title='bbox 999 2071 1033 2126; x_wconf 87' lang='lat' dir='ltr'>et</span> <span class='ocrx_word' id='word_1_230' title='bbox 1049 2050 1258 2124; x_wconf 89' lang='lat' dir='ltr'>memoriam</span> 
     </span>
     <span class='ocr_line' id='line_1_18' title="bbox 266 2154 1260 2272; baseline -0.046 -9"><span class='ocrx_word' id='word_1_231' title='bbox 266 2210 387 2263; x_wconf 88' lang='lat' dir='ltr'>rerum</span> <span class='ocrx_word' id='word_1_232' title='bbox 417 2197 593 2272; x_wconf 86' lang='lat' dir='ltr'>gestarum</span> <span class='ocrx_word' id='word_1_233' title='bbox 614 2173 664 2244; x_wconf 84' lang='lat' dir='ltr'>in.</span> <span class='ocrx_word' id='word_1_234' title='bbox 683 2167 864 2260; x_wconf 88' lang='lat' dir='ltr'>republica</span> <span class='ocrx_word' id='word_1_235' title='bbox 899 2176 933 2233; x_wconf 91' lang='lat' dir='ltr'>et</span> <span class='ocrx_word' id='word_1_236' title='bbox 956 2159 994 2228; x_wconf 90' lang='lat' dir='ltr'>in</span> <span class='ocrx_word' id='word_1_237' title='bbox 1014 2154 1192 2233; x_wconf 87' lang='lat' dir='ltr'>Ecclesia,</span> <span class='ocrx_word' id='word_1_238' title='bbox 1226 2161 1260 2218; x_wconf 87' lang='lat' dir='ltr'>et</span> 
     </span>
     <span class='ocr_line' id='line_1_19' title="bbox 211 2264 1261 2388; baseline -0.044 -23"><span class='ocrx_word' id='word_1_239' title='bbox 211 2371 215 2380; x_wconf 19' lang='lat' dir='ltr'>q</span> <span class='ocrx_word' id='word_1_240' title='bbox 265 2273 798 2388; x_wconf 87' lang='lat' dir='ltr'>praecipuarummutationum</span> <span class='ocrx_word' id='word_1_241' title='bbox 822 2280 856 2335; x_wconf 90' lang='lat' dir='ltr'>et</span> <span class='ocrx_word' id='word_1_242' title='bbox 879 2284 1080 2338; x_wconf 88' lang='lat' dir='ltr'>causarum,</span> <span class='ocrx_word' id='word_1_243' title='bbox 1114 2264 1261 2348; x_wconf 87' lang='lat' dir='ltr'>propter</span> 
     </span>
     <span class='ocr_line' id='line_1_20' title="bbox 268 2321 2300 2490; baseline -0.045 -25"><span class='ocrx_word' id='word_1_244' title='bbox 268 2417 357 2490; x_wconf 92' lang='lat' dir='ltr'>quas</span> <span class='ocrx_word' id='word_1_245' title='bbox 372 2389 455 2458; x_wconf 85' lang='lat' dir='ltr'>illae</span> <span class='ocrx_word' id='word_1_246' title='bbox 469 2386 510 2452; x_wconf 91' lang='lat' dir='ltr'>in</span> <span class='ocrx_word' id='word_1_247' title='bbox 526 2375 688 2470; x_wconf 88' lang='lat' dir='ltr'>Imperiis</span> <span class='ocrx_word' id='word_1_248' title='bbox 704 2386 738 2444; x_wconf 90' lang='lat' dir='ltr'>et</span> <span class='ocrx_word' id='word_1_249' title='bbox 754 2372 791 2439; x_wconf 92' lang='lat' dir='ltr'>in</span> <span class='ocrx_word' id='word_1_250' title='bbox 804 2365 960 2438; x_wconf 86' lang='lat' dir='ltr'>Ecclesia</span> <span class='ocrx_word' id='word_1_251' title='bbox 974 2362 1150 2432; x_wconf 90' lang='lat' dir='ltr'>accidunt.</span> <span class='ocrx_word' id='word_1_252' title='bbox 1182 2353 1260 2424; x_wconf 88' lang='lat' dir='ltr'>Ha·</span> <span class='ocrx_word' id='word_1_253' title='bbox 1306 2321 1506 2454; x_wconf 57' lang='lat' dir='ltr'>Q·</span> <span class='ocrx_word' id='word_1_254' title='bbox 2122 2323 2300 2444; x_wconf 60' lang='lat' dir='ltr'><em>Q</em></span> 
     </span>
    </p>
   </div>
   <div class='ocr_carea' id='block_1_3' title="bbox 268 2466 2264 2770">
    <p class='ocr_par' dir='ltr' id='par_1_3' title="bbox 268 2466 2264 2770">
     <span class='ocr_line' id='line_1_21' title="bbox 268 2466 1893 2568; baseline -0.044 1"><span class='ocrx_word' id='word_1_255' title='bbox 268 2521 352 2568; x_wconf 89' lang='lat' dir='ltr'>rum</span> <span class='ocrx_word' id='word_1_256' title='bbox 383 2510 504 2560; x_wconf 90' lang='lat' dir='ltr'>rerum</span> <span class='ocrx_word' id='word_1_257' title='bbox 532 2479 695 2552; x_wconf 89' lang='lat' dir='ltr'>doctrina</span> <span class='ocrx_word' id='word_1_258' title='bbox 727 2495 802 2542; x_wconf 92' lang='lat' dir='ltr'>non</span> <span class='ocrx_word' id='word_1_259' title='bbox 831 2469 946 2540; x_wconf 89' lang='lat' dir='ltr'>solum</span> <span class='ocrx_word' id='word_1_260' title='bbox 976 2473 1186 2534; x_wconf 90' lang='lat' dir='ltr'>ornamento</span> <span class='ocrx_word' id='word_1_261' title='bbox 1208 2466 1261 2524; x_wconf 88' lang='lat' dir='ltr'>est</span> <span class='ocrx_word' id='word_1_262' title='bbox 1769 2505 1776 2524; x_wconf 40' lang='lat'>⁸</span> <span class='ocrx_word' id='word_1_263' title='bbox 1885 2504 1893 2522; x_wconf 39' lang='lat'>⁸</span> 
     </span>
     <span class='ocr_line' id='line_1_22' title="bbox 270 2502 1979 2690; baseline -0.045 -20"><span class='ocrx_word' id='word_1_264' title='bbox 270 2597 383 2690; x_wconf 89' lang='lat' dir='ltr'>ipsius</span> <span class='ocrx_word' id='word_1_265' title='bbox 397 2586 561 2678; x_wconf 88' lang='lat' dir='ltr'>ingenio,</span> <span class='ocrx_word' id='word_1_266' title='bbox 580 2583 641 2652; x_wconf 91' lang='lat' dir='ltr'>sed</span> <span class='ocrx_word' id='word_1_267' title='bbox 665 2577 769 2650; x_wconf 88' lang='lat' dir='ltr'>etiam</span> <span class='ocrx_word' id='word_1_268' title='bbox 794 2589 1025 2665; x_wconf 89' lang='lat' dir='ltr'>permagnum</span> <span class='ocrx_word' id='word_1_269' title='bbox 1041 2587 1145 2636; x_wconf 91' lang='lat' dir='ltr'>usum</span> <span class='ocrx_word' id='word_1_270' title='bbox 1160 2560 1193 2629; x_wconf 90' lang='lat' dir='ltr'>ei</span> <span class='ocrx_word' id='word_1_271' title='bbox 1207 2557 1261 2626; x_wconf 88' lang='lat' dir='ltr'>as·</span> <span class='ocrx_word' id='word_1_272' title='bbox 1652 2502 1979 2588; x_wconf 61' lang='lat' dir='ltr'>Tesillmmum·</span> 
     </span>
     <span class='ocr_line' id='line_1_23' title="bbox 269 2655 2264 2770; baseline -0.035 0"><span class='ocrx_word' id='word_1_273' title='bbox 269 2703 340 2770; x_wconf 87' lang='lat' dir='ltr'>fert</span> <span class='ocrx_word' id='word_1_274' title='bbox 353 2696 392 2763; x_wconf 92' lang='lat' dir='ltr'>in</span> <span class='ocrx_word' id='word_1_275' title='bbox 405 2684 605 2761; x_wconf 89' lang='lat' dir='ltr'>iudicandis</span> <span class='ocrx_word' id='word_1_276' title='bbox 620 2679 742 2750; x_wconf 90' lang='lat' dir='ltr'>multis</span> <span class='ocrx_word' id='word_1_277' title='bbox 758 2668 1007 2747; x_wconf 87' lang='lat' dir='ltr'>controversiis</span> <span class='ocrx_word' id='word_1_278' title='bbox 1022 2689 1112 2759; x_wconf 87' lang='lat' dir='ltr'>quae</span> <span class='ocrx_word' id='word_1_279' title='bbox 1132 2665 1171 2732; x_wconf 89' lang='lat' dir='ltr'>in</span> <span class='ocrx_word' id='word_1_280' title='bbox 1194 2656 1261 2729; x_wconf 90' lang='lat' dir='ltr'>hac</span> <span class='ocrx_word' id='word_1_281' title='bbox 1378 2673 1398 2739; x_wconf 83' lang='lat'><em>†</em></span> <span class='ocrx_word' id='word_1_282' title='bbox 1417 2667 1456 2722; x_wconf 77' lang='lat' dir='ltr'>ltx</span> <span class='ocrx_word' id='word_1_283' title='bbox 1475 2663 1633 2740; x_wconf 76' lang='lat' dir='ltr'>apogrnpbo</span> <span class='ocrx_word' id='word_1_284' title='bbox 1650 2663 1680 2718; x_wconf 83' lang='lat' dir='ltr'>io</span> <span class='ocrx_word' id='word_1_285' title='bbox 1698 2660 1761 2719; x_wconf 80' lang='lat' dir='ltr'>cod.</span> <span class='ocrx_word' id='word_1_286' title='bbox 1784 2661 1897 2717; x_wconf 77' lang='lat' dir='ltr'>Monac.</span> <span class='ocrx_word' id='word_1_287' title='bbox 1915 2660 1959 2718; x_wconf 82' lang='lat'>9⁰.</span> <span class='ocrx_word' id='word_1_288' title='bbox 1979 2655 2032 2717; x_wconf 85' lang='lat' dir='ltr'>No.</span> <span class='ocrx_word' id='word_1_289' title='bbox 2052 2659 2113 2714; x_wconf 84' lang='lat' dir='ltr'>vn.</span> <span class='ocrx_word' id='word_1_290' title='bbox 2131 2679 2159 2732; x_wconf 78' lang='lat' dir='ltr'>p.</span> <span class='ocrx_word' id='word_1_291' title='bbox 2177 2658 2264 2718; x_wconf 61' lang='lat' dir='ltr'>mes,</span> 
     </span>
    </p>
   </div>
   <div class='ocr_carea' id='block_1_4' title="bbox 270 2762 2230 2974">
    <p class='ocr_par' dir='ltr' id='par_1_4' title="bbox 270 2762 2230 2974">
     <span class='ocr_line' id='line_1_24' title="bbox 270 2762 1838 2880; baseline -0.043 -10"><span class='ocrx_word' id='word_1_292' title='bbox 270 2802 344 2869; x_wconf 87' lang='lat' dir='ltr'>vita</span> <span class='ocrx_word' id='word_1_293' title='bbox 359 2789 583 2880; x_wconf 89' lang='lat' dir='ltr'>dereligione</span> <span class='ocrx_word' id='word_1_294' title='bbox 598 2798 633 2854; x_wconf 90' lang='lat' dir='ltr'>et</span> <span class='ocrx_word' id='word_1_295' title='bbox 648 2785 692 2850; x_wconf 89' lang='lat' dir='ltr'>de</span> <span class='ocrx_word' id='word_1_296' title='bbox 703 2777 801 2849; x_wconf 92' lang='lat' dir='ltr'>omni</span> <span class='ocrx_word' id='word_1_297' title='bbox 812 2768 1053 2865; x_wconf 87' lang='lat' dir='ltr'>genereoflicii</span> <span class='ocrx_word' id='word_1_298' title='bbox 1066 2762 1262 2838; x_wconf 91' lang='lat' dir='ltr'>usuvenire</span> <span class='ocrx_word' id='word_1_299' title='bbox 1483 2825 1491 2844; x_wconf 48' lang='lat'><strong>·</strong></span> <span class='ocrx_word' id='word_1_300' title='bbox 1585 2823 1594 2842; x_wconf 46' lang='lat'><strong>·</strong></span> <span class='ocrx_word' id='word_1_301' title='bbox 1832 2807 1838 2813; x_wconf 66' lang='grc'><strong>,</strong></span> 
     </span>
     <span class='ocr_line' id='line_1_25' title="bbox 272 2813 2230 2974; baseline -0.041 -1"><span class='ocrx_word' id='word_1_302' title='bbox 272 2903 398 2974; x_wconf 90' lang='lat' dir='ltr'>solent.</span> <span class='ocrx_word' id='word_1_303' title='bbox 449 2891 634 2964; x_wconf 87' lang='lat' dir='ltr'>Accedunt</span> <span class='ocrx_word' id='word_1_304' title='bbox 649 2904 781 2961; x_wconf 90' lang='lat' dir='ltr'>mores,</span> <span class='ocrx_word' id='word_1_305' title='bbox 803 2891 843 2948; x_wconf 89' lang='lat' dir='ltr'>ut</span> <span class='ocrx_word' id='word_1_306' title='bbox 855 2875 1071 2964; x_wconf 89' lang='lat' dir='ltr'>accepimus,</span> <span class='ocrx_word' id='word_1_307' title='bbox 1086 2863 1262 2937; x_wconf 82' lang='lat' dir='ltr'>honestis·</span> <span class='ocrx_word' id='word_1_308' title='bbox 1384 2825 1653 2902; x_wconf 60' lang='lat' dir='ltr'>Tesl&#39;mfflmm</span> <span class='ocrx_word' id='word_1_309' title='bbox 1679 2813 1744 2893; x_wconf 84' lang='lat' dir='ltr'>M·</span> <span class='ocrx_word' id='word_1_310' title='bbox 1770 2816 1798 2891; x_wconf 79' lang='grc' dir='ltr'><em>Ῑ</em></span> <span class='ocrx_word' id='word_1_311' title='bbox 1805 2814 1940 2892; x_wconf 56' lang='grc' dir='ltr'><strong><em>0110οἷ</em></strong></span> <span class='ocrx_word' id='word_1_312' title='bbox 1963 2813 2230 2908; x_wconf 70' lang='grc' dir='ltr'>ΕἶθΜιονη,</span> 
     </span>
    </p>
   </div>
   <div class='ocr_carea' id='block_1_5' title="bbox 272 2967 2308 3178">
    <p class='ocr_par' dir='ltr' id='par_1_5' title="bbox 272 2967 2308 3178">
     <span class='ocr_line' id='line_1_26' title="bbox 272 2967 1264 3086; baseline -0.045 -11"><span class='ocrx_word' id='word_1_313' title='bbox 272 3001 378 3086; x_wconf 88' lang='lat' dir='ltr'>simi,</span> <span class='ocrx_word' id='word_1_314' title='bbox 402 3011 438 3067; x_wconf 91' lang='lat' dir='ltr'>et</span> <span class='ocrx_word' id='word_1_315' title='bbox 459 2992 600 3064; x_wconf 88' lang='lat' dir='ltr'>animus</span> <span class='ocrx_word' id='word_1_316' title='bbox 621 2983 762 3056; x_wconf 91' lang='lat' dir='ltr'>virtutis</span> <span class='ocrx_word' id='word_1_317' title='bbox 778 2996 813 3051; x_wconf 87' lang='lat' dir='ltr'>et</span> <span class='ocrx_word' id='word_1_318' title='bbox 826 2976 964 3069; x_wconf 89' lang='lat' dir='ltr'>pietatis</span> <span class='ocrx_word' id='word_1_319' title='bbox 979 2972 1097 3042; x_wconf 91' lang='lat' dir='ltr'>studio</span> <span class='ocrx_word' id='word_1_320' title='bbox 1110 2967 1264 3056; x_wconf 87' lang='lat' dir='ltr'>flagran-</span> 
     </span>
     <span class='ocr_line' id='line_1_27' title="bbox 272 3045 2308 3178; baseline -0.029 -1"><span class='ocrx_word' id='word_1_321' title='bbox 272 3104 440 3178; x_wconf 80' lang='lat' dir='ltr'>tissimus.</span> <span class='ocrx_word' id='word_1_322' title='bbox 464 3093 556 3166; x_wconf 88' lang='lat' dir='ltr'>Nam</span> <span class='ocrx_word' id='word_1_323' title='bbox 572 3109 699 3177; x_wconf 88' lang='lat' dir='ltr'>magna</span> <span class='ocrx_word' id='word_1_324' title='bbox 712 3081 916 3152; x_wconf 88' lang='lat' dir='ltr'>assiduitate</span> <span class='ocrx_word' id='word_1_325' title='bbox 933 3089 967 3148; x_wconf 92' lang='lat' dir='ltr'>et</span> <span class='ocrx_word' id='word_1_326' title='bbox 981 3094 1120 3143; x_wconf 89' lang='lat' dir='ltr'>summo</span> <span class='ocrx_word' id='word_1_327' title='bbox 1137 3069 1265 3137; x_wconf 91' lang='lat' dir='ltr'>ardore</span> <span class='ocrx_word' id='word_1_328' title='bbox 1312 3045 1457 3140; x_wconf 83' lang='lat' dir='ltr'>Petivit</span> <span class='ocrx_word' id='word_1_329' title='bbox 1476 3087 1496 3134; x_wconf 92' lang='lat' dir='ltr'>a</span> <span class='ocrx_word' id='word_1_330' title='bbox 1519 3062 1624 3134; x_wconf 91' lang='lat' dir='ltr'>nobis</span> <span class='ocrx_word' id='word_1_331' title='bbox 1645 3059 1857 3132; x_wconf 88' lang='lat' dir='ltr'>venerabilis</span> <span class='ocrx_word' id='word_1_332' title='bbox 1872 3059 2043 3150; x_wconf 86' lang='lat' dir='ltr'>Magister</span> <span class='ocrx_word' id='word_1_333' title='bbox 2056 3055 2218 3132; x_wconf 70' lang='lat' dir='ltr'>[odacar</span> <span class='ocrx_word' id='word_1_334' title='bbox 2235 3056 2308 3130; x_wconf 74' lang='lat' dir='ltr'>Ei.</span> 
     </span>
    </p>
   </div>
   <div class='ocr_carea' id='block_1_6' title="bbox 274 3163 2372 4418">
    <p class='ocr_par' dir='ltr' id='par_1_6' title="bbox 274 3163 2372 4192">
     <span class='ocr_line' id='line_1_28' title="bbox 274 3163 2310 3285; baseline -0.022 -6"><span class='ocrx_word' id='word_1_335' title='bbox 274 3203 412 3280; x_wconf 88' lang='lat' dir='ltr'>audivit</span> <span class='ocrx_word' id='word_1_336' title='bbox 432 3195 491 3268; x_wconf 93' lang='lat' dir='ltr'>hic</span> <span class='ocrx_word' id='word_1_337' title='bbox 514 3199 778 3285; x_wconf 87' lang='lat' dir='ltr'>praeceptores,</span> <span class='ocrx_word' id='word_1_338' title='bbox 804 3201 957 3274; x_wconf 92' lang='lat' dir='ltr'>quorum</span> <span class='ocrx_word' id='word_1_339' title='bbox 979 3176 1145 3244; x_wconf 88' lang='lat' dir='ltr'>virtutem</span> <span class='ocrx_word' id='word_1_340' title='bbox 1169 3181 1203 3239; x_wconf 90' lang='lat' dir='ltr'>et</span> <span class='ocrx_word' id='word_1_341' title='bbox 1227 3167 1266 3235; x_wconf 93' lang='lat' dir='ltr'>in</span> <span class='ocrx_word' id='word_1_342' title='bbox 1314 3164 1449 3248; x_wconf 75' lang='lat' dir='ltr'>ahorn,</span> <span class='ocrx_word' id='word_1_343' title='bbox 1476 3163 1762 3249; x_wconf 88' lang='lat' dir='ltr'>Arnstadiensis,</span> <span class='ocrx_word' id='word_1_344' title='bbox 1786 3163 2030 3232; x_wconf 87' lang='lat' dir='ltr'>testimonium</span> <span class='ocrx_word' id='word_1_345' title='bbox 2050 3165 2094 3232; x_wconf 92' lang='lat' dir='ltr'>de</span> <span class='ocrx_word' id='word_1_346' title='bbox 2114 3163 2188 3235; x_wconf 84' lang='lat' dir='ltr'>vita</span> <span class='ocrx_word' id='word_1_347' title='bbox 2233 3178 2310 3235; x_wconf 91' lang='lat' dir='ltr'>stu·</span> 
     </span>
     <span class='ocr_line' id='line_1_29' title="bbox 275 3217 2310 3380; baseline -0.021 -1"><span class='ocrx_word' id='word_1_348' title='bbox 275 3305 376 3380; x_wconf 92' lang='lat' dir='ltr'>omni</span> <span class='ocrx_word' id='word_1_349' title='bbox 391 3298 506 3372; x_wconf 73' lang='lat' dir='ltr'>officio</span> <span class='ocrx_word' id='word_1_350' title='bbox 523 3289 802 3364; x_wconf 87' lang='lat' dir='ltr'>moderationem</span> <span class='ocrx_word' id='word_1_351' title='bbox 818 3306 898 3352; x_wconf 90' lang='lat' dir='ltr'>curn</span> <span class='ocrx_word' id='word_1_352' title='bbox 914 3300 1051 3348; x_wconf 89' lang='lat' dir='ltr'>summa</span> <span class='ocrx_word' id='word_1_353' title='bbox 1065 3274 1195 3366; x_wconf 87' lang='lat' dir='ltr'>pietate</span> <span class='ocrx_word' id='word_1_354' title='bbox 1211 3293 1267 3337; x_wconf 84' lang='lat' dir='ltr'>er·</span> <span class='ocrx_word' id='word_1_355' title='bbox 1314 3273 1385 3343; x_wconf 91' lang='lat' dir='ltr'>diis</span> <span class='ocrx_word' id='word_1_356' title='bbox 1408 3284 1442 3339; x_wconf 91' lang='lat' dir='ltr'>et</span> <span class='ocrx_word' id='word_1_357' title='bbox 1455 3270 1568 3358; x_wconf 89' lang='lat' dir='ltr'>gradu</span> <span class='ocrx_word' id='word_1_358' title='bbox 1587 3289 1671 3352; x_wconf 89' lang='lat' dir='ltr'>suo,</span> <span class='ocrx_word' id='word_1_359' title='bbox 1703 3266 1799 3358; x_wconf 92' lang='lat' dir='ltr'>quod</span> <span class='ocrx_word' id='word_1_360' title='bbox 1815 3264 1848 3334; x_wconf 90' lang='lat' dir='ltr'>ei</span> <span class='ocrx_word' id='word_1_361' title='bbox 1861 3288 1937 3335; x_wconf 89' lang='lat' dir='ltr'>non</span> <span class='ocrx_word' id='word_1_362' title='bbox 1952 3265 2126 3352; x_wconf 86' lang='lat' dir='ltr'>gravatim</span> <span class='ocrx_word' id='word_1_363' title='bbox 2142 3217 2310 3336; x_wconf 81' lang='lat' dir='ltr'>duiximus</span> 
     </span>
     <span class='ocr_line' id='line_1_30' title="bbox 278 3365 2310 3502; baseline -0.026 -22"><span class='ocrx_word' id='word_1_364' title='bbox 278 3435 319 3502; x_wconf 89' lang='lat' dir='ltr'>ga</span> <span class='ocrx_word' id='word_1_365' title='bbox 336 3404 451 3476; x_wconf 90' lang='lat' dir='ltr'>Deum</span> <span class='ocrx_word' id='word_1_366' title='bbox 476 3396 722 3474; x_wconf 87' lang='lat' dir='ltr'>coniunctam,</span> <span class='ocrx_word' id='word_1_367' title='bbox 751 3387 989 3456; x_wconf 89' lang='lat' dir='ltr'>etiamrerum</span> <span class='ocrx_word' id='word_1_368' title='bbox 1007 3377 1210 3448; x_wconf 90' lang='lat' dir='ltr'>divinarum</span> <span class='ocrx_word' id='word_1_369' title='bbox 1235 3384 1266 3439; x_wconf 88' lang='lat' dir='ltr'>et</span> <span class='ocrx_word' id='word_1_370' title='bbox 1315 3371 1590 3465; x_wconf 85' lang='lat' dir='ltr'>impertiendum</span> <span class='ocrx_word' id='word_1_371' title='bbox 1622 3389 1707 3438; x_wconf 91' lang='lat' dir='ltr'>esse.</span> <span class='ocrx_word' id='word_1_372' title='bbox 1768 3365 1867 3436; x_wconf 80' lang='lat' dir='ltr'>Vixit</span> <span class='ocrx_word' id='word_1_373' title='bbox 1892 3365 1989 3436; x_wconf 89' lang='lat' dir='ltr'>enim</span> <span class='ocrx_word' id='word_1_374' title='bbox 2018 3369 2114 3458; x_wconf 91' lang='lat' dir='ltr'>apud</span> <span class='ocrx_word' id='word_1_375' title='bbox 2143 3389 2209 3436; x_wconf 83' lang='lat' dir='ltr'>nos</span> <span class='ocrx_word' id='word_1_376' title='bbox 2237 3369 2310 3436; x_wconf 80' lang='lat' dir='ltr'>lere</span> 
     </span>
     <span class='ocr_line' id='line_1_31' title="bbox 276 3468 2311 3598; baseline -0.023 -15"><span class='ocrx_word' id='word_1_377' title='bbox 276 3504 461 3598; x_wconf 85' lang='lat' dir='ltr'>religionis</span> <span class='ocrx_word' id='word_1_378' title='bbox 479 3496 659 3570; x_wconf 90' lang='lat' dir='ltr'>doctrinae</span> <span class='ocrx_word' id='word_1_379' title='bbox 677 3486 888 3560; x_wconf 89' lang='lat' dir='ltr'>christianae</span> <span class='ocrx_word' id='word_1_380' title='bbox 897 3476 935 3576; x_wconf 65' lang='lat'>⁴¹⁵)</span> <span class='ocrx_word' id='word_1_381' title='bbox 951 3481 1079 3550; x_wconf 89' lang='lat' dir='ltr'>scimus</span> <span class='ocrx_word' id='word_1_382' title='bbox 1095 3475 1139 3544; x_wconf 87' lang='lat' dir='ltr'>V.</span> <span class='ocrx_word' id='word_1_383' title='bbox 1155 3471 1202 3546; x_wconf 87' lang='lat' dir='ltr'>R.</span> <span class='ocrx_word' id='word_1_384' title='bbox 1215 3470 1269 3544; x_wconf 89' lang='lat' dir='ltr'>M.</span> <span class='ocrx_word' id='word_1_385' title='bbox 1316 3473 1522 3547; x_wconf 83' lang='lat' dir='ltr'>sexennium</span> <span class='ocrx_word' id='word_1_386' title='bbox 1535 3493 1615 3540; x_wconf 91' lang='lat' dir='ltr'>cum</span> <span class='ocrx_word' id='word_1_387' title='bbox 1632 3491 1768 3540; x_wconf 87' lang='lat' dir='ltr'>summa</span> <span class='ocrx_word' id='word_1_388' title='bbox 1783 3468 1975 3538; x_wconf 82' lang='lat' dir='ltr'>modestiae</span> <span class='ocrx_word' id='word_1_389' title='bbox 1990 3468 2101 3555; x_wconf 85' lang='lat' dir='ltr'>lama,</span> <span class='ocrx_word' id='word_1_390' title='bbox 2126 3492 2238 3562; x_wconf 87' lang='lat' dir='ltr'>eaque</span> <span class='ocrx_word' id='word_1_391' title='bbox 2256 3471 2311 3537; x_wconf 92' lang='lat' dir='ltr'>di-</span> 
     </span>
     <span class='ocr_line' id='line_1_32' title="bbox 278 3569 2311 3684; baseline -0.028 0"><span class='ocrx_word' id='word_1_392' title='bbox 278 3636 351 3684; x_wconf 90' lang='lat' dir='ltr'>esse</span> <span class='ocrx_word' id='word_1_393' title='bbox 374 3601 594 3677; x_wconf 87' lang='lat' dir='ltr'>notissimam</span> <span class='ocrx_word' id='word_1_394' title='bbox 618 3609 654 3665; x_wconf 90' lang='lat' dir='ltr'>et</span> <span class='ocrx_word' id='word_1_395' title='bbox 674 3586 973 3684; x_wconf 89' lang='lat' dir='ltr'>probatissimam.</span> <span class='ocrx_word' id='word_1_396' title='bbox 1031 3579 1151 3668; x_wconf 87' lang='lat' dir='ltr'>Quare</span> <span class='ocrx_word' id='word_1_397' title='bbox 1175 3569 1270 3643; x_wconf 92' lang='lat' dir='ltr'>nihil</span> <span class='ocrx_word' id='word_1_398' title='bbox 1317 3575 1461 3668; x_wconf 81' lang='lat' dir='ltr'>ligantia</span> <span class='ocrx_word' id='word_1_399' title='bbox 1486 3573 1526 3640; x_wconf 90' lang='lat' dir='ltr'>in</span> <span class='ocrx_word' id='word_1_400' title='bbox 1547 3571 1694 3657; x_wconf 89' lang='lat' dir='ltr'>studiis,</span> <span class='ocrx_word' id='word_1_401' title='bbox 1723 3583 1766 3641; x_wconf 92' lang='lat' dir='ltr'>ut</span> <span class='ocrx_word' id='word_1_402' title='bbox 1780 3571 1860 3639; x_wconf 91' lang='lat' dir='ltr'>illas</span> <span class='ocrx_word' id='word_1_403' title='bbox 1879 3582 1990 3654; x_wconf 87' lang='lat' dir='ltr'>artes,</span> <span class='ocrx_word' id='word_1_404' title='bbox 2013 3571 2144 3663; x_wconf 73' lang='lat' dir='ltr'>quibus</span> <span class='ocrx_word' id='word_1_405' title='bbox 2163 3572 2206 3640; x_wconf 80' lang='lat' dir='ltr'>ad</span> <span class='ocrx_word' id='word_1_406' title='bbox 2224 3595 2311 3640; x_wconf 74' lang='lat' dir='ltr'>con.</span> 
     </span>
     <span class='ocr_line' id='line_1_33' title="bbox 279 3670 2300 3786; baseline -0.023 0"><span class='ocrx_word' id='word_1_407' title='bbox 279 3712 484 3786; x_wconf 87' lang='lat' dir='ltr'>dubitamus</span> <span class='ocrx_word' id='word_1_408' title='bbox 508 3697 689 3771; x_wconf 86' lang='lat' dir='ltr'>doctrinae</span> <span class='ocrx_word' id='word_1_409' title='bbox 712 3687 925 3762; x_wconf 86' lang='lat' dir='ltr'>christianae</span> <span class='ocrx_word' id='word_1_410' title='bbox 945 3682 1133 3777; x_wconf 88' lang='lat' dir='ltr'>praecipua</span> <span class='ocrx_word' id='word_1_411' title='bbox 1157 3675 1271 3771; x_wconf 89' lang='lat' dir='ltr'>capita</span> <span class='ocrx_word' id='word_1_412' title='bbox 1318 3676 1553 3750; x_wconf 84' lang='lat' dir='ltr'>servationem</span> <span class='ocrx_word' id='word_1_413' title='bbox 1570 3672 1752 3760; x_wconf 87' lang='lat' dir='ltr'>doctrinae</span> <span class='ocrx_word' id='word_1_414' title='bbox 1767 3670 1950 3760; x_wconf 88' lang='lat' dir='ltr'>religionis</span> <span class='ocrx_word' id='word_1_415' title='bbox 1967 3683 2001 3740; x_wconf 91' lang='lat' dir='ltr'>et</span> <span class='ocrx_word' id='word_1_416' title='bbox 2014 3671 2164 3742; x_wconf 90' lang='lat' dir='ltr'>aliarum</span> <span class='ocrx_word' id='word_1_417' title='bbox 2180 3696 2300 3742; x_wconf 89' lang='lat' dir='ltr'>rerum</span> 
     </span>
     <span class='ocr_line' id='line_1_34' title="bbox 282 3727 2313 3902; baseline -0.022 -15"><span class='ocrx_word' id='word_1_418' title='bbox 282 3839 364 3887; x_wconf 89' lang='lat' dir='ltr'>eum</span> <span class='ocrx_word' id='word_1_419' title='bbox 388 3805 559 3902; x_wconf 86' lang='lat' dir='ltr'>exquisite</span> <span class='ocrx_word' id='word_1_420' title='bbox 583 3797 765 3880; x_wconf 86' lang='lat' dir='ltr'>didicisse,</span> <span class='ocrx_word' id='word_1_421' title='bbox 790 3813 940 3882; x_wconf 88' lang='lat' dir='ltr'>eumque</span> <span class='ocrx_word' id='word_1_422' title='bbox 964 3784 1164 3874; x_wconf 88' lang='lat' dir='ltr'>cognitione</span> <span class='ocrx_word' id='word_1_423' title='bbox 1179 3802 1272 3849; x_wconf 90' lang='lat' dir='ltr'>sem-</span> <span class='ocrx_word' id='word_1_424' title='bbox 1320 3801 1471 3876; x_wconf 91' lang='lat' dir='ltr'>quarum</span> <span class='ocrx_word' id='word_1_425' title='bbox 1486 3775 1689 3864; x_wconf 88' lang='lat' dir='ltr'>cognitione</span> <span class='ocrx_word' id='word_1_426' title='bbox 1704 3774 1775 3844; x_wconf 87' lang='lat' dir='ltr'>vita</span> <span class='ocrx_word' id='word_1_427' title='bbox 1788 3768 1945 3842; x_wconf 83' lang='lat' dir='ltr'>humana</span> <span class='ocrx_word' id='word_1_428' title='bbox 1960 3795 2080 3844; x_wconf 88' lang='lat' dir='ltr'>carere</span> <span class='ocrx_word' id='word_1_429' title='bbox 2095 3798 2170 3844; x_wconf 90' lang='lat' dir='ltr'>non</span> <span class='ocrx_word' id='word_1_430' title='bbox 2186 3727 2313 3865; x_wconf 59' lang='lat' dir='ltr'>potesti</span> 
     </span>
     <span class='ocr_line' id='line_1_35' title="bbox 279 3874 2372 4012; baseline -0.022 -24"><span class='ocrx_word' id='word_1_431' title='bbox 279 3942 343 4012; x_wconf 90' lang='lat' dir='ltr'>per</span> <span class='ocrx_word' id='word_1_432' title='bbox 358 3917 474 4007; x_wconf 86' lang='lat' dir='ltr'>ipsum</span> <span class='ocrx_word' id='word_1_433' title='bbox 488 3908 531 3978; x_wconf 90' lang='lat' dir='ltr'>ad</span> <span class='ocrx_word' id='word_1_434' title='bbox 550 3925 671 3973; x_wconf 89' lang='lat' dir='ltr'>verum</span> <span class='ocrx_word' id='word_1_435' title='bbox 687 3898 849 3967; x_wconf 90' lang='lat' dir='ltr'>timorem</span> <span class='ocrx_word' id='word_1_436' title='bbox 863 3889 933 3962; x_wconf 91' lang='lat' dir='ltr'>Dei</span> <span class='ocrx_word' id='word_1_437' title='bbox 955 3901 989 3958; x_wconf 90' lang='lat' dir='ltr'>et</span> <span class='ocrx_word' id='word_1_438' title='bbox 1003 3885 1220 3976; x_wconf 84' lang='lat' dir='ltr'>agnitionem</span> <span class='ocrx_word' id='word_1_439' title='bbox 1239 3891 1272 3948; x_wconf 89' lang='lat' dir='ltr'>et</span> <span class='ocrx_word' id='word_1_440' title='bbox 1321 3883 1453 3975; x_wconf 90' lang='lat' dir='ltr'>optime</span> <span class='ocrx_word' id='word_1_441' title='bbox 1468 3877 1653 3962; x_wconf 88' lang='lat' dir='ltr'>didicerit,</span> <span class='ocrx_word' id='word_1_442' title='bbox 1677 3875 1747 3960; x_wconf 85' lang='lat' dir='ltr'>ita,</span> <span class='ocrx_word' id='word_1_443' title='bbox 1771 3874 1895 3946; x_wconf 88' lang='lat' dir='ltr'>utiam</span> <span class='ocrx_word' id='word_1_444' title='bbox 1909 3874 2074 3946; x_wconf 87' lang='lat' dir='ltr'>iuventus</span> <span class='ocrx_word' id='word_1_445' title='bbox 2087 3875 2132 3943; x_wconf 93' lang='lat' dir='ltr'>ab</span> <span class='ocrx_word' id='word_1_446' title='bbox 2150 3899 2190 3944; x_wconf 90' lang='lat' dir='ltr'>eo</span> <span class='ocrx_word' id='word_1_447' title='bbox 2210 3899 2312 3966; x_wconf 86' lang='lat' dir='ltr'>prae·</span> <span class='ocrx_word' id='word_1_448' title='bbox 2371 3899 2372 3924; x_wconf 61' lang='lat'>1</span> 
     </span>
     <span class='ocr_line' id='line_1_36' title="bbox 279 3929 2372 4092; baseline -0.029 0"><span class='ocrx_word' id='word_1_449' title='bbox 279 4040 437 4092; x_wconf 88' lang='lat' dir='ltr'>amorem</span> <span class='ocrx_word' id='word_1_450' title='bbox 460 4010 526 4080; x_wconf 86' lang='lat' dir='ltr'>filii</span> <span class='ocrx_word' id='word_1_451' title='bbox 543 4004 628 4088; x_wconf 86' lang='lat' dir='ltr'>Dei,</span> <span class='ocrx_word' id='word_1_452' title='bbox 656 3997 794 4071; x_wconf 90' lang='lat' dir='ltr'>domini</span> <span class='ocrx_word' id='word_1_453' title='bbox 814 3993 927 4063; x_wconf 90' lang='lat' dir='ltr'>nostri</span> <span class='ocrx_word' id='word_1_454' title='bbox 951 3987 1031 4059; x_wconf 88' lang='lat' dir='ltr'>lesu</span> <span class='ocrx_word' id='word_1_455' title='bbox 1057 3982 1192 4057; x_wconf 84' lang='lat' dir='ltr'>Christi</span> <span class='ocrx_word' id='word_1_456' title='bbox 1210 4005 1274 4072; x_wconf 87' lang='lat' dir='ltr'>pe·</span> <span class='ocrx_word' id='word_1_457' title='bbox 1320 3983 1440 4077; x_wconf 82' lang='lat' dir='ltr'>parari</span> <span class='ocrx_word' id='word_1_458' title='bbox 1453 3996 1488 4050; x_wconf 90' lang='lat' dir='ltr'>et</span> <span class='ocrx_word' id='word_1_459' title='bbox 1502 3977 1643 4048; x_wconf 89' lang='lat' dir='ltr'>institui</span> <span class='ocrx_word' id='word_1_460' title='bbox 1657 3977 1779 4068; x_wconf 82' lang='lat' dir='ltr'>possit.</span> <span class='ocrx_word' id='word_1_461' title='bbox 1831 3971 1956 4069; x_wconf 87' lang='lat' dir='ltr'>ltaque</span> <span class='ocrx_word' id='word_1_462' title='bbox 1977 3976 2018 4046; x_wconf 90' lang='lat' dir='ltr'>in</span> <span class='ocrx_word' id='word_1_463' title='bbox 2032 3978 2167 4047; x_wconf 88' lang='lat' dir='ltr'>artibus</span> <span class='ocrx_word' id='word_1_464' title='bbox 2181 3980 2313 4048; x_wconf 89' lang='lat' dir='ltr'>docen.</span> <span class='ocrx_word' id='word_1_465' title='bbox 2371 3929 2372 4020; x_wconf 77' lang='lat' dir='ltr'>l</span> 
     </span>
     <span class='ocr_line' id='line_1_37' title="bbox 280 4076 2314 4192; baseline -0.021 0"><span class='ocrx_word' id='word_1_466' title='bbox 280 4136 356 4192; x_wconf 88' lang='lat' dir='ltr'>ctus</span> <span class='ocrx_word' id='word_1_467' title='bbox 373 4138 477 4186; x_wconf 90' lang='lat' dir='ltr'>suum</span> <span class='ocrx_word' id='word_1_468' title='bbox 492 4106 705 4185; x_wconf 88' lang='lat' dir='ltr'>accendisse,</span> <span class='ocrx_word' id='word_1_469' title='bbox 738 4124 777 4169; x_wconf 90' lang='lat' dir='ltr'>ac</span> <span class='ocrx_word' id='word_1_470' title='bbox 794 4091 985 4165; x_wconf 90' lang='lat' dir='ltr'>abhorrere</span> <span class='ocrx_word' id='word_1_471' title='bbox 1001 4113 1080 4159; x_wconf 89' lang='lat' dir='ltr'>eum</span> <span class='ocrx_word' id='word_1_472' title='bbox 1095 4089 1139 4156; x_wconf 92' lang='lat' dir='ltr'>ab</span> <span class='ocrx_word' id='word_1_473' title='bbox 1155 4081 1272 4155; x_wconf 88' lang='lat' dir='ltr'>omni·</span> <span class='ocrx_word' id='word_1_474' title='bbox 1321 4087 1377 4156; x_wconf 90' lang='lat' dir='ltr'>dis</span> <span class='ocrx_word' id='word_1_475' title='bbox 1394 4084 1582 4170; x_wconf 82' lang='lat' dir='ltr'>diligenter</span> <span class='ocrx_word' id='word_1_476' title='bbox 1598 4103 1635 4148; x_wconf 89' lang='lat' dir='ltr'>se</span> <span class='ocrx_word' id='word_1_477' title='bbox 1654 4076 1818 4159; x_wconf 86' lang='lat' dir='ltr'>exercuit,</span> <span class='ocrx_word' id='word_1_478' title='bbox 1837 4091 1878 4146; x_wconf 87' lang='lat' dir='ltr'>nt</span> <span class='ocrx_word' id='word_1_479' title='bbox 1893 4078 2014 4147; x_wconf 84' lang='lat' dir='ltr'>dextre</span> <span class='ocrx_word' id='word_1_480' title='bbox 2030 4092 2064 4147; x_wconf 91' lang='lat' dir='ltr'>et</span> <span class='ocrx_word' id='word_1_481' title='bbox 2078 4078 2215 4150; x_wconf 88' lang='lat' dir='ltr'>erudite</span> <span class='ocrx_word' id='word_1_482' title='bbox 2232 4103 2314 4170; x_wconf 89' lang='lat' dir='ltr'>pos-</span> 
     </span>
    </p>

    <p class='ocr_par' dir='ltr' id='par_1_7' title="bbox 280 4174 2314 4298">
     <span class='ocr_line' id='line_1_38' title="bbox 280 4174 2314 4298; baseline -0.022 -4"><span class='ocrx_word' id='word_1_483' title='bbox 280 4227 348 4294; x_wconf 91' lang='lat' dir='ltr'>bus</span> <span class='ocrx_word' id='word_1_484' title='bbox 362 4213 523 4289; x_wconf 82' lang='lat' dir='ltr'>fanaticis</span> <span class='ocrx_word' id='word_1_485' title='bbox 545 4223 579 4278; x_wconf 85' lang='lat' dir='ltr'>et</span> <span class='ocrx_word' id='word_1_486' title='bbox 595 4198 788 4298; x_wconf 76' lang='lat' dir='ltr'>prophanis</span> <span class='ocrx_word' id='word_1_487' title='bbox 805 4194 1053 4288; x_wconf 70' lang='lat' dir='ltr'>opinionibus,</span> <span class='ocrx_word' id='word_1_488' title='bbox 1080 4211 1171 4282; x_wconf 75' lang='lat' dir='ltr'>qnae</span> <span class='ocrx_word' id='word_1_489' title='bbox 1193 4209 1272 4256; x_wconf 84' lang='lat' dir='ltr'>cum</span> <span class='ocrx_word' id='word_1_490' title='bbox 1321 4191 1368 4258; x_wconf 90' lang='lat' dir='ltr'>sit</span> <span class='ocrx_word' id='word_1_491' title='bbox 1391 4183 1564 4275; x_wconf 89' lang='lat' dir='ltr'>explicare</span> <span class='ocrx_word' id='word_1_492' title='bbox 1587 4203 1644 4250; x_wconf 89' lang='lat' dir='ltr'>res</span> <span class='ocrx_word' id='word_1_493' title='bbox 1665 4180 1770 4249; x_wconf 88' lang='lat' dir='ltr'>utiles</span> <span class='ocrx_word' id='word_1_494' title='bbox 1784 4174 1964 4248; x_wconf 84' lang='lat' dir='ltr'>Ecclesiae</span> <span class='ocrx_word' id='word_1_495' title='bbox 1984 4191 2020 4250; x_wconf 89' lang='lat' dir='ltr'>et</span> <span class='ocrx_word' id='word_1_496' title='bbox 2037 4183 2227 4250; x_wconf 70' lang='lat' dir='ltr'>&#39;communi</span> <span class='ocrx_word' id='word_1_497' title='bbox 2249 4179 2314 4250; x_wconf 90' lang='lat' dir='ltr'>hn-</span> 
     </span>
    </p>

    <p class='ocr_par' dir='ltr' id='par_1_8' title="bbox 280 4279 2372 4418">
     <span class='ocr_line' id='line_1_39' title="bbox 280 4279 2372 4418; baseline -0.02 -27"><span class='ocrx_word' id='word_1_498' title='bbox 280 4316 542 4418; x_wconf 81' lang='lat' dir='ltr'>prophetarum&#39;</span> <span class='ocrx_word' id='word_1_499' title='bbox 559 4323 594 4378; x_wconf 92' lang='lat' dir='ltr'>et</span> <span class='ocrx_word' id='word_1_500' title='bbox 616 4303 856 4397; x_wconf 88' lang='lat' dir='ltr'>apostolorum</span> <span class='ocrx_word' id='word_1_501' title='bbox 876 4294 1014 4388; x_wconf 90' lang='lat' dir='ltr'>scriptis</span> <span class='ocrx_word' id='word_1_502' title='bbox 1030 4317 1068 4363; x_wconf 91' lang='lat' dir='ltr'>ac</span> <span class='ocrx_word' id='word_1_503' title='bbox 1083 4313 1185 4360; x_wconf 89' lang='lat' dir='ltr'>verae</span> <span class='ocrx_word' id='word_1_504' title='bbox 1204 4283 1275 4358; x_wconf 86' lang='lat' dir='ltr'>Ec·</span> <span class='ocrx_word' id='word_1_505' title='bbox 1321 4289 1459 4362; x_wconf 88' lang='lat' dir='ltr'>minum</span> <span class='ocrx_word' id='word_1_506' title='bbox 1490 4281 1666 4365; x_wconf 88' lang='lat' dir='ltr'>societati,</span> <span class='ocrx_word' id='word_1_507' title='bbox 1698 4295 1733 4350; x_wconf 90' lang='lat' dir='ltr'>et</span> <span class='ocrx_word' id='word_1_508' title='bbox 1752 4279 2020 4370; x_wconf 89' lang='lat' dir='ltr'>diligentissime</span> <span class='ocrx_word' id='word_1_509' title='bbox 2040 4282 2197 4373; x_wconf 89' lang='lat' dir='ltr'>percepit</span> <span class='ocrx_word' id='word_1_510' title='bbox 2221 4308 2317 4354; x_wconf 88' lang='lat' dir='ltr'>com·</span> <span class='ocrx_word' id='word_1_511' title='bbox 2371 4289 2372 4310; x_wconf 67' lang='lat'>¹</span> 
     </span>
    </p>
   </div>
   <div class='ocr_carea' id='block_1_7' title="bbox 282 4339 2372 4498">
    <p class='ocr_par' dir='ltr' id='par_1_9' title="bbox 282 4339 2372 4498">
     <span class='ocr_line' id='line_1_40' title="bbox 282 4339 2372 4498; baseline -0.014 -14"><span class='ocrx_word' id='word_1_512' title='bbox 282 4425 406 4498; x_wconf 65' lang='lat' dir='ltr'>clasiae</span> <span class='ocrx_word' id='word_1_513' title='bbox 420 4413 556 4491; x_wconf 91' lang='lat' dir='ltr'>Christi</span> <span class='ocrx_word' id='word_1_514' title='bbox 572 4429 746 4482; x_wconf 86' lang='lat' dir='ltr'>consensu</span> <span class='ocrx_word' id='word_1_515' title='bbox 764 4413 935 4493; x_wconf 86' lang='lat' dir='ltr'>pugnant.</span> <span class='ocrx_word' id='word_1_516' title='bbox 1322 4384 1557 4460; x_wconf 80' lang='lat' dir='ltr'>mentationes</span> <span class='ocrx_word' id='word_1_517' title='bbox 1580 4383 1723 4454; x_wconf 88' lang='lat' dir='ltr'>usitatas</span> <span class='ocrx_word' id='word_1_518' title='bbox 1746 4377 1876 4452; x_wconf 90' lang='lat' dir='ltr'>scholis</span> <span class='ocrx_word' id='word_1_519' title='bbox 1896 4383 1940 4451; x_wconf 93' lang='lat' dir='ltr'>de</span> <span class='ocrx_word' id='word_1_520' title='bbox 1965 4407 2085 4452; x_wconf 88' lang='lat' dir='ltr'>rerum</span> <span class='ocrx_word' id='word_1_521' title='bbox 2107 4396 2254 4468; x_wconf 88' lang='lat' dir='ltr'>natura,</span> <span class='ocrx_word' id='word_1_522' title='bbox 2285 4400 2319 4455; x_wconf 90' lang='lat' dir='ltr'>et</span> <span class='ocrx_word' id='word_1_523' title='bbox 2371 4339 2372 4424; x_wconf 63' lang='lat' dir='ltr'>l</span> 
     </span>
    </p>
   </div>
   <div class='ocr_carea' id='block_1_8' title="bbox 285 4483 2322 4954">
    <p class='ocr_par' dir='ltr' id='par_1_10' title="bbox 285 4483 2322 4954">
     <span class='ocr_line' id='line_1_41' title="bbox 1324 4483 2318 4584; baseline -0.005 -23"><span class='ocrx_word' id='word_1_524' title='bbox 1324 4483 1580 4584; x_wconf 89' lang='lat' dir='ltr'>pulcherrimas</span> <span class='ocrx_word' id='word_1_525' title='bbox 1601 4485 1681 4554; x_wconf 88' lang='lat' dir='ltr'>illas</span> <span class='ocrx_word' id='word_1_526' title='bbox 1701 4500 1734 4554; x_wconf 88' lang='lat' dir='ltr'>et</span> <span class='ocrx_word' id='word_1_527' title='bbox 1756 4483 1961 4554; x_wconf 90' lang='lat' dir='ltr'>utilissimas</span> <span class='ocrx_word' id='word_1_528' title='bbox 1975 4485 2230 4576; x_wconf 89' lang='lat' dir='ltr'>descriptiones</span> <span class='ocrx_word' id='word_1_529' title='bbox 2247 4487 2318 4556; x_wconf 83' lang='lat' dir='ltr'>vir-</span> 
     </span>
     <span class='ocr_line' id='line_1_42' title="bbox 1311 4585 2318 4678; baseline -0.009 -13"><span class='ocrx_word' id='word_1_530' title='bbox 1311 4608 1441 4664; x_wconf 89' lang='lat' dir='ltr'>·tutum</span> <span class='ocrx_word' id='word_1_531' title='bbox 1471 4613 1510 4659; x_wconf 90' lang='lat' dir='ltr'>ac</span> <span class='ocrx_word' id='word_1_532' title='bbox 1543 4587 1688 4658; x_wconf 90' lang='lat' dir='ltr'>utilium</span> <span class='ocrx_word' id='word_1_533' title='bbox 1713 4585 1929 4666; x_wconf 87' lang='lat' dir='ltr'>officiorum¹</span> <span class='ocrx_word' id='word_1_534' title='bbox 1963 4610 2154 4678; x_wconf 89' lang='lat' dir='ltr'>earumque</span> <span class='ocrx_word' id='word_1_535' title='bbox 2186 4611 2318 4668; x_wconf 88' lang='lat' dir='ltr'>causas,</span> 
     </span>
     <span class='ocr_line' id='line_1_43' title="bbox 1326 4683 2320 4795; baseline -0.005 -31"><span class='ocrx_word' id='word_1_536' title='bbox 1326 4717 1416 4795; x_wconf 89' lang='lat' dir='ltr'>quae</span> <span class='ocrx_word' id='word_1_537' title='bbox 1433 4715 1451 4761; x_wconf 91' lang='lat' dir='ltr'>a</span> <span class='ocrx_word' id='word_1_538' title='bbox 1467 4683 1691 4782; x_wconf 89' lang='lat' dir='ltr'>philosophis</span> <span class='ocrx_word' id='word_1_539' title='bbox 1705 4687 1914 4770; x_wconf 85' lang='lat' dir='ltr'>traduntur,</span> <span class='ocrx_word' id='word_1_540' title='bbox 1941 4687 2076 4779; x_wconf 89' lang='lat' dir='ltr'>egregie</span> <span class='ocrx_word' id='word_1_541' title='bbox 2100 4699 2208 4760; x_wconf 87' lang='lat' dir='ltr'>tenet.</span> <span class='ocrx_word' id='word_1_542' title='bbox 2262 4687 2320 4759; x_wconf 76' lang='lat' dir='ltr'>Aa</span> 
     </span>
     <span class='ocr_line' id='line_1_44' title="bbox 285 4786 2322 4954; baseline -0.005 -83"><span class='ocrx_word' id='word_1_543' title='bbox 285 4878 486 4954; x_wconf 87' lang='lat' dir='ltr'>optaremus</span> <span class='ocrx_word' id='word_1_544' title='bbox 504 4875 583 4922; x_wconf 64' lang='lat' dir='ltr'>eum</span> <span class='ocrx_word' id='word_1_545' title='bbox 599 4841 704 4917; x_wconf 56' lang='lat' dir='ltr'>habe¹</span> <span class='ocrx_word' id='word_1_546' title='bbox 713 4869 730 4911; x_wconf 65' lang='lat' dir='ltr'><strong>e</strong></span> <span class='ocrx_word' id='word_1_547' title='bbox 748 4840 930 4911; x_wconf 52' lang='lat' dir='ltr'>uberiores</span> <span class='ocrx_word' id='word_1_548' title='bbox 942 4847 1124 4922; x_wconf 49' lang='lat' dir='ltr'><strong>sumptus,</strong></span> <span class='ocrx_word' id='word_1_549' title='bbox 1149 4828 1278 4921; x_wconf 64' lang='lat' dir='ltr'>quibu,</span> <span class='ocrx_word' id='word_1_550' title='bbox 1325 4796 1411 4868; x_wconf 90' lang='lat' dir='ltr'>haec</span> <span class='ocrx_word' id='word_1_551' title='bbox 1433 4791 1596 4864; x_wconf 86' lang='lat' dir='ltr'>adiunxit</span> <span class='ocrx_word' id='word_1_552' title='bbox 1617 4788 1828 4859; x_wconf 88' lang='lat' dir='ltr'>acerrimum</span> <span class='ocrx_word' id='word_1_553' title='bbox 1852 4787 2008 4860; x_wconf 87' lang='lat' dir='ltr'>studium</span> <span class='ocrx_word' id='word_1_554' title='bbox 2023 4789 2207 4860; x_wconf 91' lang='lat' dir='ltr'>doctrinae</span> <span class='ocrx_word' id='word_1_555' title='bbox 2226 4786 2322 4861; x_wconf 92' lang='lat' dir='ltr'>chri-</span> 
     </span>
    </p>
   </div>
   <div class='ocr_carea' id='block_1_9' title="bbox 286 4887 2322 5138">
    <p class='ocr_par' dir='ltr' id='par_1_11' title="bbox 286 4887 2322 5138">
     <span class='ocr_line' id='line_1_45' title="bbox 286 4887 2321 5054; baseline -0.036 -19"><span class='ocrx_word' id='word_1_556' title='bbox 286 4970 330 5035; x_wconf 89' lang='lat' dir='ltr'>ad</span> <span class='ocrx_word' id='word_1_557' title='bbox 347 4964 542 5054; x_wconf 90' lang='lat' dir='ltr'>pleniorem</span> <span class='ocrx_word' id='word_1_558' title='bbox 558 4973 663 5020; x_wconf 90' lang='lat' dir='ltr'>usum</span> <span class='ocrx_word' id='word_1_559' title='bbox 677 4943 890 5035; x_wconf 86' lang='lat' dir='ltr'>reipublicae</span> <span class='ocrx_word' id='word_1_560' title='bbox 903 4951 937 5006; x_wconf 90' lang='lat' dir='ltr'>et</span> <span class='ocrx_word' id='word_1_561' title='bbox 949 4933 1127 5005; x_wconf 88' lang='lat' dir='ltr'>Ecclesiae</span> <span class='ocrx_word' id='word_1_562' title='bbox 1144 4953 1179 5000; x_wconf 88' lang='lat' dir='ltr'>se</span> <span class='ocrx_word' id='word_1_563' title='bbox 1196 4931 1279 5001; x_wconf 89' lang='lat' dir='ltr'>diu·</span> <span class='ocrx_word' id='word_1_564' title='bbox 1326 4900 1459 5014; x_wconf 52' lang='lat' dir='ltr'>Silana?</span> <span class='ocrx_word' id='word_1_565' title='bbox 1475 4897 1513 4962; x_wconf 63' lang='lat'>5¹¹</span> <span class='ocrx_word' id='word_1_566' title='bbox 1529 4917 1599 4986; x_wconf 73' lang='lat'>(1¹¹³</span> <span class='ocrx_word' id='word_1_567' title='bbox 1615 4890 1804 4961; x_wconf 63' lang='lat' dir='ltr'>discrimen</span> <span class='ocrx_word' id='word_1_568' title='bbox 1830 4889 1916 4980; x_wconf 62' lang='grc' dir='ltr'>Ῑθὸῑδ</span> <span class='ocrx_word' id='word_1_569' title='bbox 1932 4905 1965 4961; x_wconf 71' lang='grc' dir='ltr'>θῑ</span> <span class='ocrx_word' id='word_1_570' title='bbox 1979 4887 2167 4982; x_wconf 64' lang='lat' dir='ltr'>Evangelii</span> <span class='ocrx_word' id='word_1_571' title='bbox 2182 4905 2218 4962; x_wconf 78' lang='lat' dir='ltr'>et</span> <span class='ocrx_word' id='word_1_572' title='bbox 2234 4893 2321 4962; x_wconf 85' lang='lat' dir='ltr'>alios</span> 
     </span>
     <span class='ocr_line' id='line_1_46' title="bbox 288 4989 2322 5138; baseline -0.036 -2"><span class='ocrx_word' id='word_1_573' title='bbox 288 5069 359 5136; x_wconf 87' lang='lat' dir='ltr'>tius</span> <span class='ocrx_word' id='word_1_574' title='bbox 392 5064 429 5130; x_wconf 93' lang='lat' dir='ltr'>in</span> <span class='ocrx_word' id='word_1_575' title='bbox 455 5051 643 5130; x_wconf 81' lang='lat' dir='ltr'>Academia</span> <span class='ocrx_word' id='word_1_576' title='bbox 675 5048 792 5138; x_wconf 88' lang='lat' dir='ltr'>aliqua</span> <span class='ocrx_word' id='word_1_577' title='bbox 821 5029 1030 5133; x_wconf 81' lang='lat' dir='ltr'>praeparare</span> <span class='ocrx_word' id='word_1_578' title='bbox 1051 5035 1173 5127; x_wconf 88' lang='lat' dir='ltr'>possit.</span> <span class='ocrx_word' id='word_1_579' title='bbox 1228 5028 1279 5102; x_wconf 89' lang='lat' dir='ltr'>Et</span> <span class='ocrx_word' id='word_1_580' title='bbox 1325 5019 1532 5094; x_wconf 62' lang='lat' dir='ltr'>Ps³⁰⁶¹P¹¹⁰s</span> <span class='ocrx_word' id='word_1_581' title='bbox 1551 4995 1647 5063; x_wconf 71' lang='lat'><strong>¹⁰⁶⁰³</strong></span> <span class='ocrx_word' id='word_1_582' title='bbox 1662 4993 1711 5060; x_wconf 59' lang='lat' dir='ltr'>Va</span> <span class='ocrx_word' id='word_1_583' title='bbox 1725 4991 1913 5080; x_wconf 82' lang='lat' dir='ltr'>intelligit,</span> <span class='ocrx_word' id='word_1_584' title='bbox 1938 5004 1979 5062; x_wconf 73' lang='lat' dir='ltr'>Ui</span> <span class='ocrx_word' id='word_1_585' title='bbox 1991 4989 2068 5062; x_wconf 71' lang='lat' dir='ltr'>Deo</span> <span class='ocrx_word' id='word_1_586' title='bbox 2083 4994 2225 5064; x_wconf 80' lang='lat' dir='ltr'>volente</span> <span class='ocrx_word' id='word_1_587' title='bbox 2241 5019 2322 5064; x_wconf 92' lang='lat' dir='ltr'>cnm</span> 
     </span>
    </p>
   </div>
   <div class='ocr_carea' id='block_1_10' title="bbox 287 5089 2323 5260">
    <p class='ocr_par' dir='ltr' id='par_1_12' title="bbox 287 5089 2323 5260">
     <span class='ocr_line' id='line_1_47' title="bbox 287 5089 2323 5260; baseline -0.029 -23"><span class='ocrx_word' id='word_1_588' title='bbox 287 5166 454 5260; x_wconf 90' lang='lat' dir='ltr'>quoniam</span> <span class='ocrx_word' id='word_1_589' title='bbox 472 5160 621 5238; x_wconf 90' lang='lat' dir='ltr'>scimus,</span> <span class='ocrx_word' id='word_1_590' title='bbox 646 5148 693 5222; x_wconf 89' lang='lat' dir='ltr'>R.</span> <span class='ocrx_word' id='word_1_591' title='bbox 710 5146 755 5218; x_wconf 82' lang='lat' dir='ltr'>V.</span> <span class='ocrx_word' id='word_1_592' title='bbox 771 5145 824 5216; x_wconf 94' lang='lat' dir='ltr'>M.</span> <span class='ocrx_word' id='word_1_593' title='bbox 839 5155 919 5211; x_wconf 90' lang='lat' dir='ltr'>ante</span> <span class='ocrx_word' id='word_1_594' title='bbox 935 5138 1126 5210; x_wconf 88' lang='lat' dir='ltr'>contulisse</span> <span class='ocrx_word' id='word_1_595' title='bbox 1141 5133 1276 5227; x_wconf 88' lang='lat' dir='ltr'>aliquid</span> <span class='ocrx_word' id='word_1_596' title='bbox 1326 5124 1455 5189; x_wconf 64' lang='lat' dir='ltr'>maim</span> <span class='ocrx_word' id='word_1_597' title='bbox 1471 5099 1589 5166; x_wconf 59' lang='lat' dir='ltr'><strong>fructu</strong></span> <span class='ocrx_word' id='word_1_598' title='bbox 1604 5096 1647 5163; x_wconf 69' lang='lat' dir='ltr'>de</span> <span class='ocrx_word' id='word_1_599' title='bbox 1661 5089 1907 5162; x_wconf 60' lang='lat' dir='ltr'>Vssscclffilam</span> <span class='ocrx_word' id='word_1_600' title='bbox 1924 5093 2202 5186; x_wconf 37' lang='lat' dir='ltr'>‘indite-1³⁰⁸&amp;</span> <span class='ocrx_word' id='word_1_601' title='bbox 2224 5121 2323 5187; x_wconf 66' lang='lat' dir='ltr'>Pine-</span> 
     </span>
    </p>
   </div>
   <div class='ocr_carea' id='block_1_11' title="bbox 288 5193 2325 5400">
    <p class='ocr_par' dir='ltr' id='par_1_13' title="bbox 288 5183 2372 5400">
     <span class='ocr_line' id='line_1_48' title="bbox 288 5193 2324 5356; baseline -0.037 -16"><span class='ocrx_word' id='word_1_602' title='bbox 288 5266 373 5339; x_wconf 91' lang='lat' dir='ltr'>huic</span> <span class='ocrx_word' id='word_1_603' title='bbox 396 5253 568 5356; x_wconf 77' lang='lat' dir='ltr'>Thychio</span> <span class='ocrx_word' id='word_1_604' title='bbox 591 5257 635 5324; x_wconf 89' lang='lat' dir='ltr'>ad</span> <span class='ocrx_word' id='word_1_605' title='bbox 659 5247 792 5330; x_wconf 89' lang='lat' dir='ltr'>studia,</span> <span class='ocrx_word' id='word_1_606' title='bbox 825 5269 888 5334; x_wconf 90' lang='lat' dir='ltr'>pro</span> <span class='ocrx_word' id='word_1_607' title='bbox 913 5267 953 5310; x_wconf 91' lang='lat' dir='ltr'>eo</span> <span class='ocrx_word' id='word_1_608' title='bbox 978 5237 1146 5310; x_wconf 88' lang='lat' dir='ltr'>beneficio</span> <span class='ocrx_word' id='word_1_609' title='bbox 1168 5236 1278 5326; x_wconf 90' lang='lat' dir='ltr'>ipsius</span> <span class='ocrx_word' id='word_1_610' title='bbox 1328 5203 1446 5322; x_wconf 64' lang='lat' dir='ltr'>sefllm</span> <span class='ocrx_word' id='word_1_611' title='bbox 1465 5224 1544 5315; x_wconf 59' lang='lat'>⁰¹¹⁸}</span> <span class='ocrx_word' id='word_1_612' title='bbox 1559 5195 1699 5288; x_wconf 54' lang='lat' dir='ltr'>Pleuitis</span> <span class='ocrx_word' id='word_1_613' title='bbox 1714 5193 1831 5264; x_wconf 64' lang='lat' dir='ltr'>Studio</span> <span class='ocrx_word' id='word_1_614' title='bbox 1852 5209 2020 5265; x_wconf 74' lang='lat' dir='ltr'>elamore</span> <span class='ocrx_word' id='word_1_615' title='bbox 2037 5195 2234 5285; x_wconf 82' lang='lat' dir='ltr'>flagret,ac</span> <span class='ocrx_word' id='word_1_616' title='bbox 2252 5200 2324 5268; x_wconf 87' lang='lat' dir='ltr'>vita</span> 
     </span>
     <span class='ocr_line' id='line_1_49' title="bbox 518 5297 2325 5400; baseline -0.035 25"><span class='ocrx_word' id='word_1_617' title='bbox 518 5390 524 5400; x_wconf 93' lang='lat'><strong>·</strong></span> <span class='ocrx_word' id='word_1_618' title='bbox 1329 5320 1431 5374; x_wconf 78' lang='lat' dir='ltr'>ettam</span> <span class='ocrx_word' id='word_1_619' title='bbox 1448 5311 1619 5390; x_wconf 77' lang='lat' dir='ltr'>exprimat</span> <span class='ocrx_word' id='word_1_620' title='bbox 1634 5297 1851 5379; x_wconf 88' lang='lat' dir='ltr'>doctrinain,</span> <span class='ocrx_word' id='word_1_621' title='bbox 1874 5321 1964 5388; x_wconf 90' lang='lat' dir='ltr'>quae</span> <span class='ocrx_word' id='word_1_622' title='bbox 1980 5299 2024 5366; x_wconf 89' lang='lat' dir='ltr'>de</span> <span class='ocrx_word' id='word_1_623' title='bbox 2046 5297 2172 5368; x_wconf 90' lang='lat' dir='ltr'>timore</span> <span class='ocrx_word' id='word_1_624' title='bbox 2195 5297 2264 5370; x_wconf 90' lang='lat' dir='ltr'>Dei</span> <span class='ocrx_word' id='word_1_625' title='bbox 2292 5317 2325 5370; x_wconf 73' lang='lat' dir='ltr'>et</span> 
     </span>
    </p>
   </div>
   <div class='ocr_carea' id='block_1_12' title="bbox 297 5393 2326 5596">
    <p class='ocr_par' dir='ltr' id='par_1_14' title="bbox 297 5393 2372 5710">
     <span class='ocr_line' id='line_1_50' title="bbox 297 5393 2325 5491; baseline -0.006 -9"><span class='ocrx_word' id='word_1_626' title='bbox 297 5468 507 5491; x_wconf 75' lang='lat'>„..........</span> <span class='ocrx_word' id='word_1_627' title='bbox 1329 5403 1536 5476; x_wconf 90' lang='lat' dir='ltr'>remissione</span> <span class='ocrx_word' id='word_1_628' title='bbox 1560 5412 1782 5490; x_wconf 88' lang='lat' dir='ltr'>peccatorum</span> <span class='ocrx_word' id='word_1_629' title='bbox 1806 5413 1952 5490; x_wconf 89' lang='lat' dir='ltr'>propter</span> <span class='ocrx_word' id='word_1_630' title='bbox 1967 5393 2149 5474; x_wconf 85' lang='lat' dir='ltr'>Christum</span> <span class='ocrx_word' id='word_1_631' title='bbox 2175 5403 2325 5488; x_wconf 88' lang='lat' dir='ltr'>gratuita</span> 
     </span>
     <span class='ocr_line' id='line_1_51' title="bbox 1332 5496 2326 5596; baseline -0.008 -17"><span class='ocrx_word' id='word_1_632' title='bbox 1332 5508 1435 5579; x_wconf 91' lang='lat' dir='ltr'>nobis</span> <span class='ocrx_word' id='word_1_633' title='bbox 1457 5527 1520 5596; x_wconf 91' lang='lat' dir='ltr'>per</span> <span class='ocrx_word' id='word_1_634' title='bbox 1539 5496 1728 5594; x_wconf 90' lang='lat' dir='ltr'>prophetas</span> <span class='ocrx_word' id='word_1_635' title='bbox 1749 5513 1782 5569; x_wconf 90' lang='lat' dir='ltr'>et</span> <span class='ocrx_word' id='word_1_636' title='bbox 1807 5502 2001 5592; x_wconf 89' lang='lat' dir='ltr'>apostolos,</span> <span class='ocrx_word' id='word_1_637' title='bbox 2029 5500 2188 5595; x_wconf 84' lang='lat' dir='ltr'>aliosque</span> <span class='ocrx_word' id='word_1_638' title='bbox 2204 5505 2326 5574; x_wconf 88' lang='lat' dir='ltr'>docto·</span> 
     </span>
    </p>
   </div>
   <div class='ocr_carea' id='block_1_13' title="bbox 1652 2917 1947 2996">
    <p class='ocr_par' dir='ltr' id='par_1_15' title="bbox 1652 2917 1947 2996">
     <span class='ocr_line' id='line_1_52' title="bbox 1652 2917 1947 2996; baseline -0.007 1"><span class='ocrx_word' id='word_1_639' title='bbox 1652 2917 1947 2996; x_wconf 79' lang='lat' dir='ltr'>Arnstedieasts.</span> 
     </span>
    </p>
   </div>
   <div class='ocr_carea' id='block_1_14' title="bbox 282 4521 1278 4856">
    <p class='ocr_par' dir='ltr' id='par_1_16' title="bbox 282 4521 1278 4856">
     <span class='ocr_line' id='line_1_53' title="bbox 378 4521 1276 4638; baseline -0.039 -14"><span class='ocrx_word' id='word_1_640' title='bbox 378 4521 1276 4638; x_wconf 87' lang='lat' dir='ltr'>Cumigiturproposueritsenobishiccummagnis</span> 
     </span>
     <span class='ocr_line' id='line_1_54' title="bbox 282 4628 1278 4731; baseline -0.041 1"><span class='ocrx_word' id='word_1_641' title='bbox 282 4657 435 4731; x_wconf 89' lang='lat' dir='ltr'>miseriis</span> <span class='ocrx_word' id='word_1_642' title='bbox 448 4671 567 4722; x_wconf 90' lang='lat' dir='ltr'>amore</span> <span class='ocrx_word' id='word_1_643' title='bbox 578 4635 924 4716; x_wconf 87' lang='lat' dir='ltr'>coelestisdoctrinae</span> <span class='ocrx_word' id='word_1_644' title='bbox 934 4632 1126 4702; x_wconf 88' lang='lat' dir='ltr'>etaliarum</span> <span class='ocrx_word' id='word_1_645' title='bbox 1136 4628 1278 4706; x_wconf 88' lang='lat' dir='ltr'>artium,</span> 
     </span>
     <span class='ocr_line' id='line_1_55' title="bbox 285 4727 1277 4856; baseline -0.039 -24"><span class='ocrx_word' id='word_1_646' title='bbox 285 4762 415 4856; x_wconf 90' lang='lat' dir='ltr'>quibus</span> <span class='ocrx_word' id='word_1_647' title='bbox 440 4755 513 4824; x_wconf 75' lang='lat' dir='ltr'>vita</span> <span class='ocrx_word' id='word_1_648' title='bbox 537 4745 692 4819; x_wconf 86' lang='lat' dir='ltr'>humana</span> <span class='ocrx_word' id='word_1_649' title='bbox 721 4763 838 4810; x_wconf 88' lang='lat' dir='ltr'>carere</span> <span class='ocrx_word' id='word_1_650' title='bbox 870 4759 945 4804; x_wconf 91' lang='lat' dir='ltr'>nnn</span> <span class='ocrx_word' id='word_1_651' title='bbox 974 4744 1107 4824; x_wconf 88' lang='lat' dir='ltr'>potest,</span> <span class='ocrx_word' id='word_1_652' title='bbox 1139 4727 1277 4808; x_wconf 84' lang='lat' dir='ltr'>vixisse,</span> 
     </span>
    </p>
   </div>
   <div class='ocr_carea' id='block_1_15' title="bbox 324 5548 902 5650">
    <p class='ocr_par' dir='ltr' id='par_1_17' title="bbox 324 5548 902 5650">
     <span class='ocr_line' id='line_1_56' title="bbox 324 5548 902 5650; baseline -0.048 -18"><span class='ocrx_word' id='word_1_653' title='bbox 324 5583 350 5650; x_wconf 74' lang='grc'>*)</span> <span class='ocrx_word' id='word_1_654' title='bbox 369 5571 548 5630; x_wconf 82' lang='lat' dir='ltr'>Desideratus·</span> <span class='ocrx_word' id='word_1_655' title='bbox 567 5559 718 5616; x_wconf 76' lang='lat' dir='ltr'>scientium</span> <span class='ocrx_word' id='word_1_656' title='bbox 739 5552 781 5606; x_wconf 87' lang='lat' dir='ltr'>vel</span> <span class='ocrx_word' id='word_1_657' title='bbox 800 5548 902 5604; x_wconf 85' lang='lat' dir='ltr'>simile.</span> 
     </span>
    </p>
   </div>
   <div class='ocr_carea' id='block_1_16' title="bbox 0 0 2424 6260">
    <p class='ocr_par' dir='ltr' id='par_1_18' title="bbox 0 0 2424 6260">
     <span class='ocr_line' id='line_1_57' title="bbox 0 0 2424 6260; baseline 0 0"><span class='ocrx_word' id='word_1_658' title='bbox 0 0 2424 6260; x_wconf 95' lang='lat' dir='ltr'> </span> 
     </span>
    </p>
   </div>
  </div>
 </body>
</html>
