<?xml version="1.0" encoding="UTF-8"?>
<!DOCTYPE html PUBLIC "-//W3C//DTD XHTML 1.0 Transitional//EN"
    "http://www.w3.org/TR/xhtml1/DTD/xhtml1-transitional.dtd">
<html xmlns="http://www.w3.org/1999/xhtml" xml:lang="en" lang="en">
 <head>
  <title>
</title>
<meta http-equiv="Content-Type" content="text/html;charset=utf-8" />
  <meta name='ocr-system' content='tesseract 3.04.00' />
  <meta name='ocr-capabilities' content='ocr_page ocr_carea ocr_par ocr_line ocrx_word'/>
</head>
<body>
  <div class='ocr_page' id='page_1' title='image "./corpusreformato01bretgoog_0024.png"; bbox 0 0 4778 6258; ppageno 0'>
   <div class='ocr_carea' id='block_1_1' title="bbox 241 344 1777 434">
    <p class='ocr_par' dir='ltr' id='par_1_1' title="bbox 241 344 1777 434">
     <span class='ocr_line' id='line_1_1' title="bbox 241 344 1777 434; baseline -0.001 -2"><span class='ocrx_word' id='word_1_1' title='bbox 241 375 311 432; x_wconf 87' lang='lat' dir='ltr'><strong>xvt</strong></span> <span class='ocrx_word' id='word_1_2' title='bbox 683 359 686 366; x_wconf 83' lang='grc'><strong>“</strong></span> <span class='ocrx_word' id='word_1_3' title='bbox 746 344 1016 426; x_wconf 81' lang='lat' dir='ltr'><strong>ANNALES</strong></span> <span class='ocrx_word' id='word_1_4' title='bbox 1050 347 1238 431; x_wconf 78' lang='lat' dir='ltr'><strong>VITAE</strong></span> <span class='ocrx_word' id='word_1_5' title='bbox 1270 349 1407 429; x_wconf 81' lang='lat' dir='ltr'><strong>MEL.</strong></span> <span class='ocrx_word' id='word_1_6' title='bbox 1459 352 1591 432; x_wconf 79' lang='lat'><strong>1547.</strong></span> <span class='ocrx_word' id='word_1_7' title='bbox 1644 352 1777 434; x_wconf 79' lang='grc'><strong>1648.</strong></span> 
     </span>
    </p>
   </div>
   <div class='ocr_carea' id='block_1_2' title="bbox 261 466 2126 648">
    <p class='ocr_par' dir='ltr' id='par_1_2' title="bbox 261 466 2126 648">
     <span class='ocr_line' id='line_1_2' title="bbox 261 466 2126 648; baseline -0.003 -18"><span class='ocrx_word' id='word_1_8' title='bbox 261 466 347 638; x_wconf 42' lang='lat'><strong>5:13·</strong></span> <span class='ocrx_word' id='word_1_9' title='bbox 378 559 510 626; x_wconf 74' lang='lat' dir='ltr'><strong>Mittitur</strong></span> <span class='ocrx_word' id='word_1_10' title='bbox 524 563 604 625; x_wconf 83' lang='lat' dir='ltr'><strong>lilios</strong></span> <span class='ocrx_word' id='word_1_11' title='bbox 616 557 690 624; x_wconf 89' lang='lat' dir='ltr'><strong>Mel.</strong></span> <span class='ocrx_word' id='word_1_12' title='bbox 706 557 744 622; x_wconf 90' lang='lat' dir='ltr'><strong>ad</strong></span> <span class='ocrx_word' id='word_1_13' title='bbox 758 530 901 640; x_wconf 74' lang='lat' dir='ltr'><strong>metram,</strong></span> <span class='ocrx_word' id='word_1_14' title='bbox 927 581 1017 644; x_wconf 87' lang='lat' dir='ltr'><strong>quem</strong></span> <span class='ocrx_word' id='word_1_15' title='bbox 1030 579 1105 624; x_wconf 85' lang='lat' dir='ltr'><strong>mox</strong></span> <span class='ocrx_word' id='word_1_16' title='bbox 1118 566 1256 648; x_wconf 84' lang='lat' dir='ltr'><strong>seqnitur</strong></span> <span class='ocrx_word' id='word_1_17' title='bbox 1266 561 1445 628; x_wconf 89' lang='lat' dir='ltr'><strong>Melantbcn</strong></span> <span class='ocrx_word' id='word_1_18' title='bbox 1464 565 1530 647; x_wconf 84' lang='lat' dir='ltr'><strong>ipse</strong></span> <span class='ocrx_word' id='word_1_19' title='bbox 1545 563 1637 628; x_wconf 77' lang='lat' dir='ltr'><strong>etmel</strong></span> <span class='ocrx_word' id='word_1_20' title='bbox 1651 583 1722 629; x_wconf 88' lang='lat' dir='ltr'><strong>cum</strong></span> <span class='ocrx_word' id='word_1_21' title='bbox 1737 561 1874 644; x_wconf 79' lang='lat' dir='ltr'><strong>Sabino,</strong></span> <span class='ocrx_word' id='word_1_22' title='bbox 1893 561 1947 647; x_wconf 88' lang='lat' dir='ltr'><strong>qui</strong></span> <span class='ocrx_word' id='word_1_23' title='bbox 1960 558 2126 627; x_wconf 76' lang='lat' dir='ltr'><strong>advenerat.</strong></span> 
     </span>
    </p>
   </div>
   <div class='ocr_carea' id='block_1_3' title="bbox 275 673 2194 1816">
    <p class='ocr_par' dir='ltr' id='par_1_3' title="bbox 275 673 2194 1816">
     <span class='ocr_line' id='line_1_3' title="bbox 378 673 1587 768; baseline 0.001 -24"><span class='ocrx_word' id='word_1_24' title='bbox 378 678 518 744; x_wconf 87' lang='lat' dir='ltr'><strong>Exenute</strong></span> <span class='ocrx_word' id='word_1_25' title='bbox 529 699 632 744; x_wconf 86' lang='lat' dir='ltr'><strong>mense</strong></span> <span class='ocrx_word' id='word_1_26' title='bbox 645 689 690 742; x_wconf 83' lang='lat' dir='ltr'><strong>est</strong></span> <span class='ocrx_word' id='word_1_27' title='bbox 704 673 892 757; x_wconf 87' lang='lat' dir='ltr'><strong>Northusae,</strong></span> <span class='ocrx_word' id='word_1_28' title='bbox 918 680 971 741; x_wconf 87' lang='lat' dir='ltr'><strong>ubi</strong></span> <span class='ocrx_word' id='word_1_29' title='bbox 986 692 1188 746; x_wconf 86' lang='lat' dir='ltr'><strong>commoratus</strong></span> <span class='ocrx_word' id='word_1_30' title='bbox 1202 693 1247 746; x_wconf 87' lang='lat' dir='ltr'><strong>eet</strong></span> <span class='ocrx_word' id='word_1_31' title='bbox 1262 703 1357 768; x_wconf 79' lang='lat' dir='ltr'><strong>usqne</strong></span> <span class='ocrx_word' id='word_1_32' title='bbox 1371 677 1409 746; x_wconf 89' lang='lat' dir='ltr'><strong>ad</strong></span> <span class='ocrx_word' id='word_1_33' title='bbox 1420 679 1450 743; x_wconf 93' lang='lat' dir='ltr'><strong>d.</strong></span> <span class='ocrx_word' id='word_1_34' title='bbox 1466 686 1500 752; x_wconf 84' lang='grc'><strong>8.</strong></span> <span class='ocrx_word' id='word_1_35' title='bbox 1514 679 1587 745; x_wconf 88' lang='lat' dir='ltr'><strong>Oct.</strong></span> 
     </span>
     <span class='ocr_line' id='line_1_4' title="bbox 275 801 347 868; baseline -0.028 0"><span class='ocrx_word' id='word_1_36' title='bbox 275 801 347 868; x_wconf 90' lang='lat' dir='ltr'><strong>Oct.</strong></span> 
     </span>
     <span class='ocr_line' id='line_1_5' title="bbox 314 909 1524 998; baseline 0 -18"><span class='ocrx_word' id='word_1_37' title='bbox 314 927 347 990; x_wconf 83' lang='lat'><strong>6.</strong></span> <span class='ocrx_word' id='word_1_38' title='bbox 380 914 554 980; x_wconf 84' lang='lat' dir='ltr'><strong>Northusee</strong></span> <span class='ocrx_word' id='word_1_39' title='bbox 570 927 615 979; x_wconf 90' lang='lat' dir='ltr'><strong>est</strong></span> <span class='ocrx_word' id='word_1_40' title='bbox 627 937 698 978; x_wconf 89' lang='lat' dir='ltr'><strong>cum</strong></span> <span class='ocrx_word' id='word_1_41' title='bbox 710 910 836 979; x_wconf 90' lang='lat' dir='ltr'><strong>Sabino.</strong></span> <span class='ocrx_word' id='word_1_42' title='bbox 862 943 913 962; x_wconf 94' lang='lat'><em>-</em></span> <span class='ocrx_word' id='word_1_43' title='bbox 963 909 1134 978; x_wconf 89' lang='lat' dir='ltr'><strong>Erotemata</strong></span> <span class='ocrx_word' id='word_1_44' title='bbox 1148 911 1323 977; x_wconf 79' lang='lat' dir='ltr'><strong>dialecticas</strong></span> <span class='ocrx_word' id='word_1_45' title='bbox 1338 915 1524 998; x_wconf 87' lang='lat' dir='ltr'><strong>prodierunt.</strong></span> 
     </span>
     <span class='ocr_line' id='line_1_6' title="bbox 379 1029 1928 1115; baseline -0.001 -19"><span class='ocrx_word' id='word_1_46' title='bbox 379 1032 476 1097; x_wconf 84' lang='lat' dir='ltr'><strong>Mittit</strong></span> <span class='ocrx_word' id='word_1_47' title='bbox 491 1029 623 1115; x_wconf 83' lang='lat' dir='ltr'><strong>Georgio</strong></span> <span class='ocrx_word' id='word_1_48' title='bbox 638 1031 810 1096; x_wconf 87' lang='lat' dir='ltr'><strong>Anhaltino</strong></span> <span class='ocrx_word' id='word_1_49' title='bbox 825 1035 991 1095; x_wconf 87' lang='lat' dir='ltr'><strong>orationem</strong></span> <span class='ocrx_word' id='word_1_50' title='bbox 1006 1035 1045 1095; x_wconf 91' lang='lat' dir='ltr'><strong>de</strong></span> <span class='ocrx_word' id='word_1_51' title='bbox 1060 1035 1158 1098; x_wconf 81' lang='lat' dir='ltr'><strong>verbis</strong></span> <span class='ocrx_word' id='word_1_52' title='bbox 1170 1029 1258 1097; x_wconf 88' lang='lat' dir='ltr'><strong>Pauli</strong></span> <span class='ocrx_word' id='word_1_53' title='bbox 1275 1039 1293 1102; x_wconf 86' lang='lat' dir='ltr'><strong>t</strong></span> <span class='ocrx_word' id='word_1_54' title='bbox 1312 1029 1452 1098; x_wconf 84' lang='lat' dir='ltr'><strong>Timoth.</strong></span> <span class='ocrx_word' id='word_1_55' title='bbox 1468 1035 1503 1113; x_wconf 90' lang='grc'><strong>4,</strong></span> <span class='ocrx_word' id='word_1_56' title='bbox 1527 1039 1583 1104; x_wconf 75' lang='grc'><strong>18.</strong></span> <span class='ocrx_word' id='word_1_57' title='bbox 1600 1029 1723 1096; x_wconf 78' lang='lat' dir='ltr'><strong>uuanda</strong></span> <span class='ocrx_word' id='word_1_58' title='bbox 1738 1029 1860 1095; x_wconf 63' lang='lat' dir='ltr'><strong>miloni</strong></span> <span class='ocrx_word' id='word_1_59' title='bbox 1871 1045 1928 1094; x_wconf 88' lang='lat' dir='ltr'><strong>eto.</strong></span> 
     </span>
     <span class='ocr_line' id='line_1_7' title="bbox 291 1127 873 1231; baseline -0.007 -18"><span class='ocrx_word' id='word_1_60' title='bbox 291 1159 350 1223; x_wconf 83' lang='lat'><strong>10.</strong></span> <span class='ocrx_word' id='word_1_61' title='bbox 381 1147 454 1212; x_wconf 91' lang='lat' dir='ltr'><strong>Mel.</strong></span> <span class='ocrx_word' id='word_1_62' title='bbox 471 1154 582 1212; x_wconf 87' lang='lat' dir='ltr'><strong>iterum</strong></span> <span class='ocrx_word' id='word_1_63' title='bbox 594 1162 639 1212; x_wconf 84' lang='lat' dir='ltr'><strong>est</strong></span> <span class='ocrx_word' id='word_1_64' title='bbox 653 1127 873 1231; x_wconf 77' lang='lat' dir='ltr'><strong>Wittebergaa.</strong></span> 
     </span>
     <span class='ocr_line' id='line_1_8' title="bbox 291 1245 2194 1354; baseline 0.002 -30"><span class='ocrx_word' id='word_1_65' title='bbox 291 1274 349 1338; x_wconf 78' lang='lat'><strong>16.</strong></span> <span class='ocrx_word' id='word_1_66' title='bbox 381 1245 782 1354; x_wconf 68' lang='lat' dir='ltr'><strong>Instaurptiodeodecrice.</strong></span> <span class='ocrx_word' id='word_1_67' title='bbox 810 1295 859 1314; x_wconf 88' lang='lat'><em>-</em></span> <span class='ocrx_word' id='word_1_68' title='bbox 909 1261 984 1329; x_wconf 88' lang='lat' dir='ltr'><strong>Mel.</strong></span> <span class='ocrx_word' id='word_1_69' title='bbox 1000 1265 1107 1331; x_wconf 89' lang='lat' dir='ltr'><strong>indicit</strong></span> <span class='ocrx_word' id='word_1_70' title='bbox 1120 1269 1338 1334; x_wconf 73' lang='lat' dir='ltr'><strong>enarrationem</strong></span> <span class='ocrx_word' id='word_1_71' title='bbox 1352 1269 1496 1350; x_wconf 86' lang='lat' dir='ltr'><strong>epistolae</strong></span> <span class='ocrx_word' id='word_1_72' title='bbox 1512 1267 1551 1330; x_wconf 87' lang='lat' dir='ltr'><strong>ed</strong></span> <span class='ocrx_word' id='word_1_73' title='bbox 1565 1263 1756 1332; x_wconf 84' lang='lat' dir='ltr'><strong>Goiossenaea</strong></span> <span class='ocrx_word' id='word_1_74' title='bbox 1771 1266 1801 1331; x_wconf 91' lang='lat' dir='ltr'><strong>d.</strong></span> <span class='ocrx_word' id='word_1_75' title='bbox 1819 1265 1878 1335; x_wconf 80' lang='lat'><strong>24.</strong></span> <span class='ocrx_word' id='word_1_76' title='bbox 1893 1261 1965 1330; x_wconf 91' lang='lat' dir='ltr'><strong>Oct.</strong></span> <span class='ocrx_word' id='word_1_77' title='bbox 1983 1259 2194 1328; x_wconf 81' lang='lat' dir='ltr'><strong>inchoandam.</strong></span> 
     </span>
     <span class='ocr_line' id='line_1_9' title="bbox 298 1359 958 1464; baseline -0.005 -16"><span class='ocrx_word' id='word_1_78' title='bbox 298 1403 306 1416; x_wconf 74' lang='lat'><em>⁴</em></span> <span class='ocrx_word' id='word_1_79' title='bbox 382 1381 512 1448; x_wconf 89' lang='lat' dir='ltr'><strong>Sabinus</strong></span> <span class='ocrx_word' id='word_1_80' title='bbox 527 1379 866 1464; x_wconf 87' lang='lat' dir='ltr'><strong>reditRegiomoutum.</strong></span> <span class='ocrx_word' id='word_1_81' title='bbox 954 1359 958 1366; x_wconf 31' lang='lat'><strong><em>⁴</em></strong></span> 
     </span>
     <span class='ocr_line' id='line_1_10' title="bbox 293 1497 1351 1582; baseline -0.007 -18"><span class='ocrx_word' id='word_1_82' title='bbox 293 1507 349 1571; x_wconf 82' lang='lat'><strong>18.</strong></span> <span class='ocrx_word' id='word_1_83' title='bbox 381 1499 454 1566; x_wconf 89' lang='lat' dir='ltr'><strong>Mel.</strong></span> <span class='ocrx_word' id='word_1_84' title='bbox 474 1501 576 1562; x_wconf 88' lang='lat' dir='ltr'><strong>scribit</strong></span> <span class='ocrx_word' id='word_1_85' title='bbox 590 1497 792 1580; x_wconf 90' lang='lat' dir='ltr'><strong>Northusam,</strong></span> <span class='ocrx_word' id='word_1_86' title='bbox 817 1512 852 1562; x_wconf 85' lang='lat' dir='ltr'><strong>at</strong></span> <span class='ocrx_word' id='word_1_87' title='bbox 869 1499 985 1563; x_wconf 81' lang='lat' dir='ltr'><strong>familia</strong></span> <span class='ocrx_word' id='word_1_88' title='bbox 1000 1502 1099 1564; x_wconf 81' lang='lat' dir='ltr'><strong>veniat</strong></span> <span class='ocrx_word' id='word_1_89' title='bbox 1117 1497 1351 1582; x_wconf 84' lang='lat' dir='ltr'><strong>Wittehergam.</strong></span> 
     </span>
     <span class='ocr_line' id='line_1_11' title="bbox 383 1614 1592 1701; baseline -0.001 -22"><span class='ocrx_word' id='word_1_90' title='bbox 383 1616 458 1680; x_wconf 79' lang='lat' dir='ltr'><strong>Tris</strong></span> <span class='ocrx_word' id='word_1_91' title='bbox 472 1619 568 1678; x_wconf 92' lang='lat' dir='ltr'><strong>millia</strong></span> <span class='ocrx_word' id='word_1_92' title='bbox 583 1620 795 1698; x_wconf 86' lang='lat' dir='ltr'><strong>exemplorum</strong></span> <span class='ocrx_word' id='word_1_93' title='bbox 812 1617 982 1682; x_wconf 72' lang='lat' dir='ltr'><strong>didecdces</strong></span> <span class='ocrx_word' id='word_1_94' title='bbox 995 1618 1115 1682; x_wconf 80' lang='lat' dir='ltr'><strong>vendita</strong></span> <span class='ocrx_word' id='word_1_95' title='bbox 1129 1628 1220 1699; x_wconf 79' lang='lat' dir='ltr'><strong>sunt3</strong></span> <span class='ocrx_word' id='word_1_96' title='bbox 1245 1635 1338 1701; x_wconf 90' lang='lat' dir='ltr'><strong>quare</strong></span> <span class='ocrx_word' id='word_1_97' title='bbox 1353 1617 1415 1678; x_wconf 87' lang='lat' dir='ltr'><strong>iam</strong></span> <span class='ocrx_word' id='word_1_98' title='bbox 1429 1614 1592 1678; x_wconf 71' lang='lat' dir='ltr'><strong>recuditur.</strong></span> 
     </span>
     <span class='ocr_line' id='line_1_12' title="bbox 291 1731 829 1816; baseline 0.002 -21"><span class='ocrx_word' id='word_1_99' title='bbox 291 1733 348 1803; x_wconf 76' lang='lat'><strong>24.</strong></span> <span class='ocrx_word' id='word_1_100' title='bbox 383 1731 509 1795; x_wconf 90' lang='lat' dir='ltr'><strong>Inchoat</strong></span> <span class='ocrx_word' id='word_1_101' title='bbox 525 1737 669 1796; x_wconf 86' lang='lat' dir='ltr'><strong>lectiones</strong></span> <span class='ocrx_word' id='word_1_102' title='bbox 683 1736 829 1816; x_wconf 89' lang='lat' dir='ltr'><strong>publicas.</strong></span> 
     </span>
    </p>
   </div>
   <div class='ocr_carea' id='block_1_4' title="bbox 293 1833 2286 2036">
    <p class='ocr_par' dir='ltr' id='par_1_4' title="bbox 293 1833 2286 2036">
     <span class='ocr_line' id='line_1_13' title="bbox 293 1833 2286 1930; baseline -0.003 -17"><span class='ocrx_word' id='word_1_103' title='bbox 293 1858 352 1920; x_wconf 81' lang='lat'><strong>26.</strong></span> <span class='ocrx_word' id='word_1_104' title='bbox 382 1847 511 1913; x_wconf 86' lang='lat' dir='ltr'><strong>Scribit:</strong></span> <span class='ocrx_word' id='word_1_105' title='bbox 541 1847 733 1928; x_wconf 87' lang='lat' dir='ltr'><strong>„Dialectica</strong></span> <span class='ocrx_word' id='word_1_106' title='bbox 751 1849 920 1928; x_wconf 78' lang='lat' dir='ltr'><strong>recuditur3</strong></span> <span class='ocrx_word' id='word_1_107' title='bbox 946 1853 1002 1912; x_wconf 87' lang='lat' dir='ltr'><strong>etsi</strong></span> <span class='ocrx_word' id='word_1_108' title='bbox 1019 1870 1082 1911; x_wconf 89' lang='lat' dir='ltr'><strong>uon</strong></span> <span class='ocrx_word' id='word_1_109' title='bbox 1098 1851 1194 1910; x_wconf 87' lang='lat' dir='ltr'><strong>multa</strong></span> <span class='ocrx_word' id='word_1_110' title='bbox 1216 1864 1322 1928; x_wconf 91' lang='lat' dir='ltr'><strong>mutu,</strong></span> <span class='ocrx_word' id='word_1_111' title='bbox 1349 1863 1447 1912; x_wconf 91' lang='lat' dir='ltr'><strong>tamen</strong></span> <span class='ocrx_word' id='word_1_112' title='bbox 1462 1849 1555 1910; x_wconf 91' lang='lat' dir='ltr'><strong>editio</strong></span> <span class='ocrx_word' id='word_1_113' title='bbox 1576 1849 1724 1930; x_wconf 79' lang='lat' dir='ltr'><strong>posterior</strong></span> <span class='ocrx_word' id='word_1_114' title='bbox 1740 1833 1924 1909; x_wconf 81' lang='lat' dir='ltr'><strong>emendatior</strong></span> <span class='ocrx_word' id='word_1_115' title='bbox 1940 1835 2026 1908; x_wconf 85' lang='lat' dir='ltr'><strong>erit.”</strong></span> <span class='ocrx_word' id='word_1_116' title='bbox 2051 1875 2099 1895; x_wconf 90' lang='lat'><strong>·-</strong></span> <span class='ocrx_word' id='word_1_117' title='bbox 2154 1843 2286 1924; x_wconf 85' lang='lat' dir='ltr'><strong>„Hodie</strong></span> 
     </span>
     <span class='ocr_line' id='line_1_14' title="bbox 431 1939 2128 2036; baseline -0.002 -24"><span class='ocrx_word' id='word_1_118' title='bbox 431 1950 574 2032; x_wconf 77' lang='lat' dir='ltr'><strong>respondi</strong></span> <span class='ocrx_word' id='word_1_119' title='bbox 587 1949 740 2035; x_wconf 87' lang='lat' dir='ltr'><strong>Episcopo</strong></span> <span class='ocrx_word' id='word_1_120' title='bbox 757 1948 982 2030; x_wconf 71' lang='lat' dir='ltr'><strong>cantuariensi,</strong></span> <span class='ocrx_word' id='word_1_121' title='bbox 1009 1955 1064 2036; x_wconf 91' lang='lat' dir='ltr'><strong>qui</strong></span> <span class='ocrx_word' id='word_1_122' title='bbox 1078 1972 1126 2011; x_wconf 87' lang='lat' dir='ltr'><strong>me</strong></span> <span class='ocrx_word' id='word_1_123' title='bbox 1142 1955 1175 2011; x_wconf 88' lang='lat' dir='ltr'><strong>in</strong></span> <span class='ocrx_word' id='word_1_124' title='bbox 1189 1947 1336 2032; x_wconf 76' lang='lat' dir='ltr'><strong>Anguem</strong></span> <span class='ocrx_word' id='word_1_125' title='bbox 1350 1939 1469 2014; x_wconf 74' lang='lat' dir='ltr'><strong>vocat.&#39;&#39;</strong></span> <span class='ocrx_word' id='word_1_126' title='bbox 1495 1985 1544 2004; x_wconf 79' lang='grc' dir='ltr'><strong>ι-</strong></span> <span class='ocrx_word' id='word_1_127' title='bbox 1598 1947 1783 2014; x_wconf 83' lang='lat' dir='ltr'><strong>Camerarius</strong></span> <span class='ocrx_word' id='word_1_128' title='bbox 1797 1949 1873 2012; x_wconf 89' lang='lat' dir='ltr'><strong>redit</strong></span> <span class='ocrx_word' id='word_1_129' title='bbox 1887 1943 2036 2029; x_wconf 87' lang='lat' dir='ltr'><strong>Lipsiam.</strong></span> <span class='ocrx_word' id='word_1_130' title='bbox 2121 1955 2128 1962; x_wconf 86' lang='lat'>&#39;</span> 
     </span>
    </p>
   </div>
   <div class='ocr_carea' id='block_1_5' title="bbox 273 2066 2032 2733">
    <p class='ocr_par' dir='ltr' id='par_1_5' title="bbox 273 2066 2032 2733">
     <span class='ocr_line' id='line_1_15' title="bbox 273 2066 353 2134; baseline -0.063 0"><span class='ocrx_word' id='word_1_131' title='bbox 273 2066 353 2134; x_wconf 80' lang='lat' dir='ltr'><strong>Not.</strong></span> 
     </span>
     <span class='ocr_line' id='line_1_16' title="bbox 320 2181 1250 2268; baseline -0.004 -19"><span class='ocrx_word' id='word_1_132' title='bbox 320 2189 361 2254; x_wconf 66' lang='grc'><strong>4(</strong></span> <span class='ocrx_word' id='word_1_133' title='bbox 385 2183 521 2266; x_wconf 84' lang='lat' dir='ltr'><strong>Rogatus</strong></span> <span class='ocrx_word' id='word_1_134' title='bbox 539 2207 555 2246; x_wconf 93' lang='lat' dir='ltr'><strong>a</strong></span> <span class='ocrx_word' id='word_1_135' title='bbox 571 2187 756 2250; x_wconf 89' lang='lat' dir='ltr'><strong>scholasticis</strong></span> <span class='ocrx_word' id='word_1_136' title='bbox 771 2198 886 2248; x_wconf 83' lang='lat' dir='ltr'><strong>enarrat</strong></span> <span class='ocrx_word' id='word_1_137' title='bbox 901 2188 1056 2268; x_wconf 83' lang='lat' dir='ltr'><strong>proverbia</strong></span> <span class='ocrx_word' id='word_1_138' title='bbox 1068 2181 1250 2248; x_wconf 87' lang='lat' dir='ltr'><strong>Salomonis.</strong></span> 
     </span>
     <span class='ocr_line' id='line_1_17' title="bbox 295 2301 1006 2385; baseline 0 -19"><span class='ocrx_word' id='word_1_139' title='bbox 295 2313 353 2374; x_wconf 90' lang='lat'><strong>10.</strong></span> <span class='ocrx_word' id='word_1_140' title='bbox 384 2301 480 2366; x_wconf 84' lang='lat' dir='ltr'><strong>Mittit</strong></span> <span class='ocrx_word' id='word_1_141' title='bbox 498 2307 601 2366; x_wconf 88' lang='lat' dir='ltr'><strong>arniois</strong></span> <span class='ocrx_word' id='word_1_142' title='bbox 617 2325 736 2366; x_wconf 89' lang='lat' dir='ltr'><strong>carmen</strong></span> <span class='ocrx_word' id='word_1_143' title='bbox 751 2303 788 2366; x_wconf 91' lang='lat' dir='ltr'><strong>de</strong></span> <span class='ocrx_word' id='word_1_144' title='bbox 803 2307 908 2385; x_wconf 88' lang='lat' dir='ltr'><strong>eclipsi</strong></span> <span class='ocrx_word' id='word_1_145' title='bbox 923 2307 1006 2366; x_wconf 87' lang='lat' dir='ltr'><strong>solis.</strong></span> 
     </span>
     <span class='ocr_line' id='line_1_18' title="bbox 297 2416 1497 2504; baseline -0.003 -22"><span class='ocrx_word' id='word_1_146' title='bbox 297 2431 353 2494; x_wconf 73' lang='lat'><strong>18.</strong></span> <span class='ocrx_word' id='word_1_147' title='bbox 386 2416 502 2482; x_wconf 82' lang='lat' dir='ltr'><strong>Gratias</strong></span> <span class='ocrx_word' id='word_1_148' title='bbox 516 2424 577 2500; x_wconf 83' lang='lat' dir='ltr'><strong>agit</strong></span> <span class='ocrx_word' id='word_1_149' title='bbox 591 2417 671 2502; x_wconf 86' lang='lat' dir='ltr'><strong>Regi</strong></span> <span class='ocrx_word' id='word_1_150' title='bbox 683 2419 799 2484; x_wconf 85' lang='lat' dir='ltr'><strong>Dauiae</strong></span> <span class='ocrx_word' id='word_1_151' title='bbox 808 2467 818 2500; x_wconf 94' lang='lat'><strong>,</strong></span> <span class='ocrx_word' id='word_1_152' title='bbox 844 2441 862 2481; x_wconf 89' lang='lat' dir='ltr'><strong>a</strong></span> <span class='ocrx_word' id='word_1_153' title='bbox 880 2441 942 2504; x_wconf 89' lang='lat' dir='ltr'><strong>quo</strong></span> <span class='ocrx_word' id='word_1_154' title='bbox 959 2421 1006 2488; x_wconf 83' lang='lat'><strong>50</strong></span> <span class='ocrx_word' id='word_1_155' title='bbox 1022 2416 1222 2482; x_wconf 85' lang='lat' dir='ltr'><strong>Inachimicos</strong></span> <span class='ocrx_word' id='word_1_156' title='bbox 1237 2418 1318 2481; x_wconf 89' lang='lat' dir='ltr'><strong>dono</strong></span> <span class='ocrx_word' id='word_1_157' title='bbox 1334 2430 1497 2500; x_wconf 88' lang='lat' dir='ltr'><strong>acceperat.</strong></span> 
     </span>
     <span class='ocr_line' id='line_1_19' title="bbox 293 2532 588 2617; baseline -0.003 -18"><span class='ocrx_word' id='word_1_158' title='bbox 293 2547 354 2609; x_wconf 85' lang='lat'><strong>19.</strong></span> <span class='ocrx_word' id='word_1_159' title='bbox 385 2535 439 2599; x_wconf 84' lang='lat' dir='ltr'><strong>Est</strong></span> <span class='ocrx_word' id='word_1_160' title='bbox 453 2532 588 2617; x_wconf 86' lang='lat' dir='ltr'><strong>Lipsiae.</strong></span> 
     </span>
     <span class='ocr_line' id='line_1_20' title="bbox 297 2636 2032 2733; baseline -0.001 -18"><span class='ocrx_word' id='word_1_161' title='bbox 297 2665 355 2728; x_wconf 79' lang='lat'><strong>24.</strong></span> <span class='ocrx_word' id='word_1_162' title='bbox 387 2652 500 2716; x_wconf 87' lang='lat' dir='ltr'><strong>lterum</strong></span> <span class='ocrx_word' id='word_1_163' title='bbox 514 2666 637 2715; x_wconf 83' lang='lat' dir='ltr'><strong>vocatus</strong></span> <span class='ocrx_word' id='word_1_164' title='bbox 651 2636 694 2714; x_wconf 80' lang='lat' dir='ltr'><strong>est</strong></span> <span class='ocrx_word' id='word_1_165' title='bbox 710 2651 916 2716; x_wconf 86' lang='lat' dir='ltr'><strong>aMarchiona</strong></span> <span class='ocrx_word' id='word_1_166' title='bbox 929 2651 1068 2716; x_wconf 86' lang='lat' dir='ltr'><strong>Electcre</strong></span> <span class='ocrx_word' id='word_1_167' title='bbox 1082 2657 1117 2715; x_wconf 88' lang='lat' dir='ltr'><strong>in</strong></span> <span class='ocrx_word' id='word_1_168' title='bbox 1130 2650 1330 2716; x_wconf 87' lang='lat' dir='ltr'><strong>Academiam</strong></span> <span class='ocrx_word' id='word_1_169' title='bbox 1344 2651 1559 2731; x_wconf 84' lang='lat' dir='ltr'><strong>Francoford.,</strong></span> <span class='ocrx_word' id='word_1_170' title='bbox 1586 2654 1637 2714; x_wconf 88' lang='lat' dir='ltr'><strong>oui</strong></span> <span class='ocrx_word' id='word_1_171' title='bbox 1653 2649 1684 2716; x_wconf 90' lang='lat' dir='ltr'><strong>d.</strong></span> <span class='ocrx_word' id='word_1_172' title='bbox 1701 2649 1759 2719; x_wconf 81' lang='lat'><strong>25·</strong></span> <span class='ocrx_word' id='word_1_173' title='bbox 1774 2646 1854 2712; x_wconf 82' lang='lat' dir='ltr'><strong>Not.</strong></span> <span class='ocrx_word' id='word_1_174' title='bbox 1869 2651 2032 2733; x_wconf 87' lang='lat' dir='ltr'><strong>respondit.</strong></span> 
     </span>
    </p>
   </div>
   <div class='ocr_carea' id='block_1_6' title="bbox 293 2753 2341 2953">
    <p class='ocr_par' dir='ltr' id='par_1_6' title="bbox 293 2753 2341 2953">
     <span class='ocr_line' id='line_1_21' title="bbox 293 2753 2308 2856; baseline -0.004 -23"><span class='ocrx_word' id='word_1_175' title='bbox 293 2781 351 2844; x_wconf 82' lang='lat'><strong>29.</strong></span> <span class='ocrx_word' id='word_1_176' title='bbox 384 2767 434 2834; x_wconf 87' lang='lat' dir='ltr'><strong>De</strong></span> <span class='ocrx_word' id='word_1_177' title='bbox 447 2768 629 2832; x_wconf 77' lang='lat' dir='ltr'><strong>Academiae</strong></span> <span class='ocrx_word' id='word_1_178' title='bbox 644 2769 788 2834; x_wconf 73' lang='lat' dir='ltr'><strong>reditibus</strong></span> <span class='ocrx_word' id='word_1_179' title='bbox 811 2784 842 2833; x_wconf 90' lang='lat' dir='ltr'><strong>et</strong></span> <span class='ocrx_word' id='word_1_180' title='bbox 861 2773 1018 2856; x_wconf 88' lang='lat' dir='ltr'><strong>stipendiis</strong></span> <span class='ocrx_word' id='word_1_181' title='bbox 1041 2772 1200 2834; x_wconf 90' lang='lat' dir='ltr'><strong>doctorum</strong></span> <span class='ocrx_word' id='word_1_182' title='bbox 1222 2770 1360 2832; x_wconf 88' lang='lat' dir='ltr'><strong>nondum</strong></span> <span class='ocrx_word' id='word_1_183' title='bbox 1379 2773 1577 2832; x_wconf 88' lang='lat' dir='ltr'><strong>constitutum</strong></span> <span class='ocrx_word' id='word_1_184' title='bbox 1599 2783 1654 2832; x_wconf 82' lang='lat' dir='ltr'><strong>est·</strong></span> <span class='ocrx_word' id='word_1_185' title='bbox 1703 2766 1819 2831; x_wconf 84' lang='lat' dir='ltr'><strong>Aberat</strong></span> <span class='ocrx_word' id='word_1_186' title='bbox 1834 2753 1993 2832; x_wconf 88' lang='lat' dir='ltr'><strong>Mauritius</strong></span> <span class='ocrx_word' id='word_1_187' title='bbox 2009 2765 2130 2832; x_wconf 86' lang='lat' dir='ltr'><strong>Elector</strong></span> <span class='ocrx_word' id='word_1_188' title='bbox 2152 2768 2185 2828; x_wconf 89' lang='lat' dir='ltr'><strong>iu</strong></span> <span class='ocrx_word' id='word_1_189' title='bbox 2199 2765 2308 2831; x_wconf 79' lang='lat' dir='ltr'><strong>con..</strong></span> 
     </span>
     <span class='ocr_line' id='line_1_22' title="bbox 434 2870 2341 2953; baseline -0.004 -19"><span class='ocrx_word' id='word_1_190' title='bbox 434 2886 526 2934; x_wconf 82' lang='lat' dir='ltr'><strong>ventu</strong></span> <span class='ocrx_word' id='word_1_191' title='bbox 539 2870 731 2953; x_wconf 79' lang='lat' dir='ltr'><strong>Augustano.</strong></span> <span class='ocrx_word' id='word_1_192' title='bbox 2339 2875 2341 2882; x_wconf 80' lang='grc'>’</span> 
     </span>
    </p>
   </div>
   <div class='ocr_carea' id='block_1_7' title="bbox 279 2991 1846 3308">
    <p class='ocr_par' dir='ltr' id='par_1_7' title="bbox 279 2991 1846 3308">
     <span class='ocr_line' id='line_1_23' title="bbox 279 2991 355 3056; baseline -0.013 0"><span class='ocrx_word' id='word_1_193' title='bbox 279 2991 355 3056; x_wconf 87' lang='lat' dir='ltr'><strong>Dec.</strong></span> 
     </span>
     <span class='ocr_line' id='line_1_24' title="bbox 321 3099 1846 3190; baseline -0.002 -22"><span class='ocrx_word' id='word_1_194' title='bbox 321 3119 354 3180; x_wconf 82' lang='lat'><strong>2.</strong></span> <span class='ocrx_word' id='word_1_195' title='bbox 387 3105 423 3168; x_wconf 89' lang='lat' dir='ltr'><strong>ln</strong></span> <span class='ocrx_word' id='word_1_196' title='bbox 437 3106 540 3168; x_wconf 92' lang='lat' dir='ltr'><strong>schola</strong></span> <span class='ocrx_word' id='word_1_197' title='bbox 554 3107 663 3190; x_wconf 89' lang='lat' dir='ltr'><strong>repetit</strong></span> <span class='ocrx_word' id='word_1_198' title='bbox 682 3103 902 3167; x_wconf 77' lang='lat' dir='ltr'><strong>confessionem</strong></span> <span class='ocrx_word' id='word_1_199' title='bbox 916 3106 1067 3169; x_wconf 71' lang='lat' dir='ltr'><strong>doctrinae</strong></span> <span class='ocrx_word' id='word_1_200' title='bbox 1084 3125 1209 3190; x_wconf 88' lang='lat' dir='ltr'><strong>eamque</strong></span> <span class='ocrx_word' id='word_1_201' title='bbox 1225 3106 1354 3188; x_wconf 88' lang='lat' dir='ltr'><strong>opponit</strong></span> <span class='ocrx_word' id='word_1_202' title='bbox 1369 3104 1494 3168; x_wconf 88' lang='lat' dir='ltr'><strong>decratis</strong></span> <span class='ocrx_word' id='word_1_203' title='bbox 1507 3099 1626 3186; x_wconf 87' lang='lat' dir='ltr'><strong>Synodi</strong></span> <span class='ocrx_word' id='word_1_204' title='bbox 1642 3101 1846 3167; x_wconf 86' lang='lat' dir='ltr'><strong>Tridentinae.</strong></span> 
     </span>
     <span class='ocr_line' id='line_1_25' title="bbox 298 3222 1436 3308; baseline -0.004 -22"><span class='ocrx_word' id='word_1_205' title='bbox 298 3234 357 3297; x_wconf 79' lang='grc'><strong>18.</strong></span> <span class='ocrx_word' id='word_1_206' title='bbox 386 3222 472 3286; x_wconf 80' lang='lat' dir='ltr'><strong>Nova</strong></span> <span class='ocrx_word' id='word_1_207' title='bbox 489 3224 582 3284; x_wconf 90' lang='lat' dir='ltr'><strong>editio</strong></span> <span class='ocrx_word' id='word_1_208' title='bbox 597 3223 764 3284; x_wconf 83' lang='lat' dir='ltr'><strong>dialecticas</strong></span> <span class='ocrx_word' id='word_1_209' title='bbox 781 3224 915 3285; x_wconf 88' lang='lat' dir='ltr'><strong>absoluta</strong></span> <span class='ocrx_word' id='word_1_210' title='bbox 931 3236 985 3301; x_wconf 91' lang='lat' dir='ltr'><strong>est,</strong></span> <span class='ocrx_word' id='word_1_211' title='bbox 1011 3229 1044 3286; x_wconf 92' lang='lat' dir='ltr'><strong>in</strong></span> <span class='ocrx_word' id='word_1_212' title='bbox 1061 3235 1120 3308; x_wconf 79' lang='lat' dir='ltr'><strong>qna</strong></span> <span class='ocrx_word' id='word_1_213' title='bbox 1140 3223 1285 3307; x_wconf 85' lang='lat' dir='ltr'><strong>quaedam</strong></span> <span class='ocrx_word' id='word_1_214' title='bbox 1298 3227 1436 3284; x_wconf 80' lang='lat' dir='ltr'><strong>mutavit.</strong></span> 
     </span>
    </p>
   </div>
   <div class='ocr_carea' id='block_1_8' title="bbox 388 3333 2288 3523">
    <p class='ocr_par' dir='ltr' id='par_1_8' title="bbox 388 3333 2288 3523">
     <span class='ocr_line' id='line_1_26' title="bbox 388 3333 2288 3422; baseline -0.001 -20"><span class='ocrx_word' id='word_1_215' title='bbox 388 3337 527 3402; x_wconf 81' lang='lat' dir='ltr'><strong>Adornet</strong></span> <span class='ocrx_word' id='word_1_216' title='bbox 540 3340 752 3402; x_wconf 83' lang='lat' dir='ltr'><strong>refutationem</strong></span> <span class='ocrx_word' id='word_1_217' title='bbox 765 3339 952 3401; x_wconf 87' lang='lat' dir='ltr'><strong>decretorum</strong></span> <span class='ocrx_word' id='word_1_218' title='bbox 971 3335 1090 3422; x_wconf 73' lang='lat' dir='ltr'><strong>Sp‘nodi</strong></span> <span class='ocrx_word' id='word_1_219' title='bbox 1106 3337 1319 3419; x_wconf 82' lang='lat' dir='ltr'><strong>Tridentinae,</strong></span> <span class='ocrx_word' id='word_1_220' title='bbox 1344 3337 1484 3416; x_wconf 67' lang='lat' dir='ltr'><strong>Zieglero</strong></span> <span class='ocrx_word' id='word_1_221' title='bbox 1497 3333 1651 3421; x_wconf 87' lang='lat' dir='ltr'><strong>Lipsiensi</strong></span> <span class='ocrx_word' id='word_1_222' title='bbox 1665 3341 1966 3422; x_wconf 63' lang='lat' dir='ltr'><strong>scribitorationem,</strong></span> <span class='ocrx_word' id='word_1_223' title='bbox 1992 3341 2080 3422; x_wconf 88' lang='lat' dir='ltr'><strong>eique</strong></span> <span class='ocrx_word' id='word_1_224' title='bbox 2095 3341 2187 3401; x_wconf 88' lang='lat' dir='ltr'><strong>mittit</strong></span> <span class='ocrx_word' id='word_1_225' title='bbox 2203 3340 2288 3400; x_wconf 90' lang='lat' dir='ltr'><strong>iudi-</strong></span> 
     </span>
     <span class='ocr_line' id='line_1_27' title="bbox 439 3441 996 3523; baseline 0 -21"><span class='ocrx_word' id='word_1_226' title='bbox 439 3445 519 3502; x_wconf 89' lang='lat' dir='ltr'><strong>cium</strong></span> <span class='ocrx_word' id='word_1_227' title='bbox 534 3441 571 3502; x_wconf 91' lang='lat' dir='ltr'><strong>de</strong></span> <span class='ocrx_word' id='word_1_228' title='bbox 587 3446 740 3523; x_wconf 84' lang='lat' dir='ltr'><strong>coniugio.</strong></span> <span class='ocrx_word' id='word_1_229' title='bbox 994 3453 996 3456; x_wconf 83' lang='lat'>&#39;</span> 
     </span>
    </p>
   </div>
   <div class='ocr_carea' id='block_1_9' title="bbox 298 3531 1500 3640">
    <p class='ocr_par' dir='ltr' id='par_1_9' title="bbox 298 3531 1500 3640">
     <span class='ocr_line' id='line_1_28' title="bbox 298 3531 1500 3640; baseline 0.002 -24"><span class='ocrx_word' id='word_1_230' title='bbox 298 3556 355 3618; x_wconf 85' lang='lat'><strong>19.</strong></span> <span class='ocrx_word' id='word_1_231' title='bbox 388 3555 482 3619; x_wconf 88' lang='lat' dir='ltr'><strong>Mittit</strong></span> <span class='ocrx_word' id='word_1_232' title='bbox 500 3553 631 3640; x_wconf 83' lang='lat' dir='ltr'><strong>Georgio</strong></span> <span class='ocrx_word' id='word_1_233' title='bbox 650 3553 818 3618; x_wconf 89' lang='lat' dir='ltr'><strong>Anhaltino</strong></span> <span class='ocrx_word' id='word_1_234' title='bbox 835 3562 1012 3622; x_wconf 85' lang='lat' dir='ltr'><strong>concionem</strong></span> <span class='ocrx_word' id='word_1_235' title='bbox 1028 3562 1060 3620; x_wconf 91' lang='lat' dir='ltr'><strong>in</strong></span> <span class='ocrx_word' id='word_1_236' title='bbox 1075 3558 1187 3622; x_wconf 76' lang='lat' dir='ltr'><strong>festum</strong></span> <span class='ocrx_word' id='word_1_237' title='bbox 1201 3562 1363 3622; x_wconf 83' lang='lat' dir='ltr'><strong>nativitatis</strong></span> <span class='ocrx_word' id='word_1_238' title='bbox 1377 3531 1500 3620; x_wconf 80' lang='lat' dir='ltr'><strong>Christi.</strong></span> 
     </span>
    </p>
   </div>
   <div class='ocr_carea' id='block_1_10' title="bbox 298 3670 2290 3837">
    <p class='ocr_par' dir='ltr' id='par_1_10' title="bbox 298 3670 2290 3837">
     <span class='ocr_line' id='line_1_29' title="bbox 298 3670 2290 3772; baseline -0.003 -32"><span class='ocrx_word' id='word_1_239' title='bbox 298 3675 356 3740; x_wconf 81' lang='lat'><strong>26·</strong></span> <span class='ocrx_word' id='word_1_240' title='bbox 388 3671 523 3736; x_wconf 87' lang='lat' dir='ltr'><strong>Vocatus</strong></span> <span class='ocrx_word' id='word_1_241' title='bbox 545 3677 743 3755; x_wconf 84' lang='lat' dir='ltr'><strong>proficiscitur</strong></span> <span class='ocrx_word' id='word_1_242' title='bbox 763 3670 914 3756; x_wconf 85' lang='lat' dir='ltr'><strong>Torgam,</strong></span> <span class='ocrx_word' id='word_1_243' title='bbox 941 3690 976 3772; x_wconf 79' lang='lat' dir='ltr'><strong>ut</strong></span> <span class='ocrx_word' id='word_1_244' title='bbox 996 3679 1040 3738; x_wconf 92' lang='lat' dir='ltr'><strong>ibi</strong></span> <span class='ocrx_word' id='word_1_245' title='bbox 1061 3699 1131 3741; x_wconf 87' lang='lat' dir='ltr'><strong>oum</strong></span> <span class='ocrx_word' id='word_1_246' title='bbox 1149 3673 1407 3755; x_wconf 83' lang='lat' dir='ltr'><strong>Cummerstadio,</strong></span> <span class='ocrx_word' id='word_1_247' title='bbox 1436 3671 1640 3753; x_wconf 72' lang='lat' dir='ltr'><strong>cancellario,</strong></span> <span class='ocrx_word' id='word_1_248' title='bbox 1666 3673 1807 3734; x_wconf 85' lang='lat' dir='ltr'><strong>deliberet</strong></span> <span class='ocrx_word' id='word_1_249' title='bbox 1828 3671 1864 3732; x_wconf 91' lang='lat' dir='ltr'><strong>de</strong></span> <span class='ocrx_word' id='word_1_250' title='bbox 1883 3672 2090 3736; x_wconf 84' lang='lat' dir='ltr'><strong>constituenda</strong></span> <span class='ocrx_word' id='word_1_251' title='bbox 2112 3677 2290 3736; x_wconf 86' lang='lat' dir='ltr'><strong>oeconomia</strong></span> 
     </span>
     <span class='ocr_line' id='line_1_30' title="bbox 438 3773 1189 3837; baseline 0 -1"><span class='ocrx_word' id='word_1_252' title='bbox 438 3773 628 3837; x_wconf 80' lang='lat' dir='ltr'><strong>Academiae.</strong></span> <span class='ocrx_word' id='word_1_253' title='bbox 1184 3795 1189 3802; x_wconf 82' lang='lat'><em>·</em></span> 
     </span>
    </p>
   </div>
   <div class='ocr_carea' id='block_1_11' title="bbox 1169 4199 1503 4280">
    <p class='ocr_par' dir='ltr' id='par_1_11' title="bbox 1169 4199 1503 4280">
     <span class='ocr_line' id='line_1_31' title="bbox 1169 4199 1503 4280; baseline 0.003 -6"><span class='ocrx_word' id='word_1_254' title='bbox 1169 4199 1337 4278; x_wconf 92' lang='lat' dir='ltr'><strong>ANNO</strong></span> <span class='ocrx_word' id='word_1_255' title='bbox 1374 4201 1503 4280; x_wconf 82' lang='grc'><strong>1548.</strong></span> 
     </span>
    </p>
   </div>
   <div class='ocr_carea' id='block_1_12' title="bbox 231 4423 2293 5204">
    <p class='ocr_par' dir='ltr' id='par_1_12' title="bbox 231 4423 2293 5204">
     <span class='ocr_line' id='line_1_32' title="bbox 290 4423 1196 4517; baseline 0.002 -23"><span class='ocrx_word' id='word_1_256' title='bbox 290 4427 356 4494; x_wconf 90' lang='lat' dir='ltr'><strong>lan.</strong></span> <span class='ocrx_word' id='word_1_257' title='bbox 390 4423 570 4490; x_wconf 88' lang='lat' dir='ltr'><strong>Melanthon</strong></span> <span class='ocrx_word' id='word_1_258' title='bbox 587 4442 631 4492; x_wconf 88' lang='lat' dir='ltr'><strong>est</strong></span> <span class='ocrx_word' id='word_1_259' title='bbox 644 4427 783 4496; x_wconf 87' lang='lat' dir='ltr'><strong>Decanus</strong></span> <span class='ocrx_word' id='word_1_260' title='bbox 801 4434 913 4498; x_wconf 86' lang='lat' dir='ltr'><strong>ordinis</strong></span> <span class='ocrx_word' id='word_1_261' title='bbox 929 4429 1196 4517; x_wconf 82' lang='lat' dir='ltr'><strong>Philosophorum.</strong></span> 
     </span>
     <span class='ocr_line' id='line_1_33' title="bbox 321 4539 2293 4636; baseline 0.008 -32"><span class='ocrx_word' id='word_1_262' title='bbox 321 4557 354 4620; x_wconf 68' lang='lat'><strong>3„</strong></span> <span class='ocrx_word' id='word_1_263' title='bbox 391 4539 573 4626; x_wconf 78' lang='lat' dir='ltr'><strong>Torgeviam</strong></span> <span class='ocrx_word' id='word_1_264' title='bbox 588 4558 713 4610; x_wconf 78' lang='lat' dir='ltr'><strong>vocatus</strong></span> <span class='ocrx_word' id='word_1_265' title='bbox 726 4551 770 4611; x_wconf 90' lang='lat' dir='ltr'><strong>ibi</strong></span> <span class='ocrx_word' id='word_1_266' title='bbox 784 4555 846 4633; x_wconf 85' lang='lat' dir='ltr'><strong>agit</strong></span> <span class='ocrx_word' id='word_1_267' title='bbox 862 4571 931 4614; x_wconf 86' lang='lat' dir='ltr'><strong>cum</strong></span> <span class='ocrx_word' id='word_1_268' title='bbox 946 4549 1196 4630; x_wconf 83' lang='lat' dir='ltr'><strong>Commerstadio,</strong></span> <span class='ocrx_word' id='word_1_269' title='bbox 1222 4547 1358 4615; x_wconf 90' lang='lat' dir='ltr'><strong>Mauritii</strong></span> <span class='ocrx_word' id='word_1_270' title='bbox 1373 4557 1483 4636; x_wconf 87' lang='lat' dir='ltr'><strong>legato,</strong></span> <span class='ocrx_word' id='word_1_271' title='bbox 1499 4553 1536 4616; x_wconf 89' lang='lat' dir='ltr'><strong>de</strong></span> <span class='ocrx_word' id='word_1_272' title='bbox 1546 4555 1704 4618; x_wconf 87' lang='lat' dir='ltr'><strong>donatione</strong></span> <span class='ocrx_word' id='word_1_273' title='bbox 1719 4555 1869 4616; x_wconf 86' lang='lat' dir='ltr'><strong>redituum</strong></span> <span class='ocrx_word' id='word_1_274' title='bbox 1877 4549 2057 4615; x_wconf 80' lang='lat' dir='ltr'><strong>Academiae</strong></span> <span class='ocrx_word' id='word_1_275' title='bbox 2071 4557 2293 4620; x_wconf 88' lang='lat' dir='ltr'><strong>constituenda.</strong></span> 
     </span>
     <span class='ocr_line' id='line_1_34' title="bbox 322 4655 2175 4751; baseline 0.005 -29"><span class='ocrx_word' id='word_1_276' title='bbox 322 4673 356 4736; x_wconf 76' lang='grc'><strong>8,</strong></span> <span class='ocrx_word' id='word_1_277' title='bbox 390 4655 551 4725; x_wconf 87' lang='lat' dir='ltr'><strong>Intercedit</strong></span> <span class='ocrx_word' id='word_1_278' title='bbox 564 4665 643 4744; x_wconf 85' lang='lat' dir='ltr'><strong>apud</strong></span> <span class='ocrx_word' id='word_1_279' title='bbox 661 4661 839 4730; x_wconf 88' lang='lat' dir='ltr'><strong>Mauritium</strong></span> <span class='ocrx_word' id='word_1_280' title='bbox 855 4689 909 4750; x_wconf 90' lang='lat' dir='ltr'><strong>pro</strong></span> <span class='ocrx_word' id='word_1_281' title='bbox 921 4663 1007 4732; x_wconf 84' lang='lat' dir='ltr'><strong>Iusto</strong></span> <span class='ocrx_word' id='word_1_282' title='bbox 1023 4664 1116 4748; x_wconf 87' lang='lat' dir='ltr'><strong>lona,</strong></span> <span class='ocrx_word' id='word_1_283' title='bbox 1142 4665 1414 4751; x_wconf 87' lang='lat' dir='ltr'><strong>Superintendeute</strong></span> <span class='ocrx_word' id='word_1_284' title='bbox 1427 4671 1580 4750; x_wconf 85' lang='lat' dir='ltr'><strong>Hallensi,</strong></span> <span class='ocrx_word' id='word_1_285' title='bbox 1607 4675 1654 4734; x_wconf 88' lang='lat' dir='ltr'><strong>oui</strong></span> <span class='ocrx_word' id='word_1_286' title='bbox 1670 4669 1828 4734; x_wconf 89' lang='lat' dir='ltr'><strong>Mauritius</strong></span> <span class='ocrx_word' id='word_1_287' title='bbox 1846 4665 1973 4750; x_wconf 79' lang='lat' dir='ltr'><strong>graviter</strong></span> <span class='ocrx_word' id='word_1_288' title='bbox 1987 4674 2175 4734; x_wconf 72' lang='lat' dir='ltr'><strong>irascebatur.</strong></span> 
     </span>
     <span class='ocr_line' id='line_1_35' title="bbox 301 4777 2162 4866; baseline 0.009 -27"><span class='ocrx_word' id='word_1_289' title='bbox 301 4790 357 4854; x_wconf 78' lang='lat'><strong>12.</strong></span> <span class='ocrx_word' id='word_1_290' title='bbox 391 4777 524 4860; x_wconf 80' lang='lat' dir='ltr'><strong>Hngelio</strong></span> <span class='ocrx_word' id='word_1_291' title='bbox 537 4783 641 4844; x_wconf 87' lang='lat' dir='ltr'><strong>scribit</strong></span> <span class='ocrx_word' id='word_1_292' title='bbox 655 4782 692 4844; x_wconf 88' lang='lat' dir='ltr'><strong>de</strong></span> <span class='ocrx_word' id='word_1_293' title='bbox 706 4783 862 4857; x_wconf 76' lang='lat' dir='ltr'><strong>diabolicis</strong></span> <span class='ocrx_word' id='word_1_294' title='bbox 877 4807 930 4849; x_wconf 89' lang='lat' dir='ltr'><strong>seu</strong></span> <span class='ocrx_word' id='word_1_295' title='bbox 944 4789 1069 4866; x_wconf 85' lang='lat' dir='ltr'><strong>magicis</strong></span> <span class='ocrx_word' id='word_1_296' title='bbox 1084 4791 1268 4851; x_wconf 74' lang='lat' dir='ltr'><strong>exorcismis.</strong></span> <span class='ocrx_word' id='word_1_297' title='bbox 2159 4785 2162 4790; x_wconf 30' lang='lat'><em>¹</em></span> 
     </span>
     <span class='ocr_line' id='line_1_36' title="bbox 393 4893 2183 4989; baseline 0 -21"><span class='ocrx_word' id='word_1_298' title='bbox 393 4893 590 4968; x_wconf 72' lang='lat' dir='ltr'><strong>G⁰m¹1¹0¹tdat</strong></span> <span class='ocrx_word' id='word_1_299' title='bbox 603 4897 809 4964; x_wconf 82' lang='lat' dir='ltr'><strong>Freusoisoum</strong></span> <span class='ocrx_word' id='word_1_300' title='bbox 825 4899 1019 4986; x_wconf 86' lang='lat' dir='ltr'><strong>Dryandrasn</strong></span> <span class='ocrx_word' id='word_1_301' title='bbox 1036 4900 1217 4984; x_wconf 84' lang='lat' dir='ltr'><strong>Granmero,</strong></span> <span class='ocrx_word' id='word_1_302' title='bbox 1244 4903 1485 4989; x_wconf 86' lang='lat' dir='ltr'><strong>Archiepiscopo</strong></span> <span class='ocrx_word' id='word_1_303' title='bbox 1502 4904 1724 4982; x_wconf 81' lang='lat' dir='ltr'><strong>cantuariensi,</strong></span> <span class='ocrx_word' id='word_1_304' title='bbox 1745 4919 1774 4966; x_wconf 90' lang='lat' dir='ltr'><strong>et</strong></span> <span class='ocrx_word' id='word_1_305' title='bbox 1787 4901 1928 4966; x_wconf 82' lang='lat' dir='ltr'><strong>Eduardo</strong></span> <span class='ocrx_word' id='word_1_306' title='bbox 1947 4901 2025 4985; x_wconf 85' lang='lat' dir='ltr'><strong>Regi</strong></span> <span class='ocrx_word' id='word_1_307' title='bbox 2038 4903 2183 4986; x_wconf 83' lang='lat' dir='ltr'><strong>Angliae.</strong></span> 
     </span>
     <span class='ocr_line' id='line_1_37' title="bbox 231 4985 1473 5106; baseline 0.014 -37"><span class='ocrx_word' id='word_1_308' title='bbox 231 5033 237 5038; x_wconf 95' lang='lat'>·</span> <span class='ocrx_word' id='word_1_309' title='bbox 301 5021 359 5086; x_wconf 74' lang='lat'><strong>15,</strong></span> <span class='ocrx_word' id='word_1_310' title='bbox 393 5007 519 5073; x_wconf 87' lang='lat' dir='ltr'><strong>Enarrat</strong></span> <span class='ocrx_word' id='word_1_311' title='bbox 540 5017 573 5074; x_wconf 86' lang='lat' dir='ltr'><strong>in</strong></span> <span class='ocrx_word' id='word_1_312' title='bbox 590 5009 703 5078; x_wconf 89' lang='lat' dir='ltr'><strong>Schola</strong></span> <span class='ocrx_word' id='word_1_313' title='bbox 720 5018 895 5082; x_wconf 86' lang='lat' dir='ltr'><strong>dialecticen</strong></span> <span class='ocrx_word' id='word_1_314' title='bbox 909 4985 939 5081; x_wconf 64' lang='lat' dir='ltr'><strong>eA</strong></span> <span class='ocrx_word' id='word_1_315' title='bbox 954 5021 1065 5080; x_wconf 87' lang='lat' dir='ltr'><strong>librum</strong></span> <span class='ocrx_word' id='word_1_316' title='bbox 1082 5019 1202 5084; x_wconf 89' lang='lat' dir='ltr'><strong>Horatii</strong></span> <span class='ocrx_word' id='word_1_317' title='bbox 1218 5022 1255 5084; x_wconf 91' lang='lat' dir='ltr'><strong>de</strong></span> <span class='ocrx_word' id='word_1_318' title='bbox 1269 5035 1330 5085; x_wconf 87' lang='lat' dir='ltr'><strong>arte</strong></span> <span class='ocrx_word' id='word_1_319' title='bbox 1346 5028 1473 5106; x_wconf 85' lang='lat' dir='ltr'><strong>po&#39;e&#39;tica.</strong></span> 
     </span>
     <span class='ocr_line' id='line_1_38' title="bbox 393 5125 1230 5204; baseline 0.016 -14"><span class='ocrx_word' id='word_1_320' title='bbox 393 5125 561 5190; x_wconf 86' lang='lat' dir='ltr'><strong>Redimum</strong></span> <span class='ocrx_word' id='word_1_321' title='bbox 574 5127 756 5194; x_wconf 84' lang='lat' dir='ltr'><strong>Academiae</strong></span> <span class='ocrx_word' id='word_1_322' title='bbox 772 5133 895 5196; x_wconf 87' lang='lat' dir='ltr'><strong>donatio</strong></span> <span class='ocrx_word' id='word_1_323' title='bbox 909 5137 1068 5196; x_wconf 87' lang='lat' dir='ltr'><strong>liberaliter</strong></span> <span class='ocrx_word' id='word_1_324' title='bbox 1085 5136 1163 5201; x_wconf 81' lang='lat' dir='ltr'><strong>iacta</strong></span> <span class='ocrx_word' id='word_1_325' title='bbox 1177 5153 1230 5204; x_wconf 85' lang='lat' dir='ltr'><strong>est.</strong></span> 
     </span>
    </p>
   </div>
   <div class='ocr_carea' id='block_1_13' title="bbox 301 5241 1048 5443">
    <p class='ocr_par' dir='ltr' id='par_1_13' title="bbox 301 5241 1048 5443">
     <span class='ocr_line' id='line_1_39' title="bbox 301 5241 1048 5334; baseline 0.011 -29"><span class='ocrx_word' id='word_1_326' title='bbox 301 5257 359 5320; x_wconf 77' lang='lat'><strong>20.</strong></span> <span class='ocrx_word' id='word_1_327' title='bbox 393 5241 531 5305; x_wconf 86' lang='lat' dir='ltr'><strong>Vocatus</strong></span> <span class='ocrx_word' id='word_1_328' title='bbox 546 5255 591 5307; x_wconf 85' lang='lat' dir='ltr'><strong>est</strong></span> <span class='ocrx_word' id='word_1_329' title='bbox 606 5249 639 5307; x_wconf 88' lang='lat' dir='ltr'><strong>iu</strong></span> <span class='ocrx_word' id='word_1_330' title='bbox 654 5245 784 5311; x_wconf 89' lang='lat' dir='ltr'><strong>Daniam</strong></span> <span class='ocrx_word' id='word_1_331' title='bbox 799 5264 828 5314; x_wconf 92' lang='lat' dir='ltr'><strong>et</strong></span> <span class='ocrx_word' id='word_1_332' title='bbox 846 5257 878 5313; x_wconf 89' lang='lat' dir='ltr'><strong>in</strong></span> <span class='ocrx_word' id='word_1_333' title='bbox 894 5249 1048 5334; x_wconf 83' lang='lat' dir='ltr'><strong>Angliem.</strong></span> 
     </span>
     <span class='ocr_line' id='line_1_40' title="bbox 392 5357 850 5443; baseline 0.013 -20"><span class='ocrx_word' id='word_1_334' title='bbox 392 5360 488 5424; x_wconf 89' lang='lat' dir='ltr'><strong>Mittit</strong></span> <span class='ocrx_word' id='word_1_335' title='bbox 507 5357 640 5422; x_wconf 80' lang='lat' dir='ltr'><strong>libellum</strong></span> <span class='ocrx_word' id='word_1_336' title='bbox 656 5363 694 5425; x_wconf 85' lang='lat' dir='ltr'><strong>de</strong></span> <span class='ocrx_word' id='word_1_337' title='bbox 711 5364 850 5443; x_wconf 80' lang='lat' dir='ltr'><strong>Synodis.</strong></span> 
     </span>
    </p>
   </div>
   <div class='ocr_carea' id='block_1_14' title="bbox 298 5461 2183 5576">
    <p class='ocr_par' dir='ltr' id='par_1_14' title="bbox 298 5461 2183 5576">
     <span class='ocr_line' id='line_1_41' title="bbox 298 5461 2183 5576; baseline 0.005 -30"><span class='ocrx_word' id='word_1_338' title='bbox 298 5479 355 5550; x_wconf 70' lang='grc'><strong>24.</strong></span> <span class='ocrx_word' id='word_1_339' title='bbox 392 5477 545 5560; x_wconf 84' lang='lat' dir='ltr'><strong>Theologi</strong></span> <span class='ocrx_word' id='word_1_340' title='bbox 559 5477 804 5564; x_wconf 82' lang='lat' dir='ltr'><strong>Witebergeusea</strong></span> <span class='ocrx_word' id='word_1_341' title='bbox 819 5488 995 5548; x_wconf 87' lang='lat' dir='ltr'><strong>seutentiam</strong></span> <span class='ocrx_word' id='word_1_342' title='bbox 1010 5506 1094 5549; x_wconf 88' lang='lat' dir='ltr'><strong>suam</strong></span> <span class='ocrx_word' id='word_1_343' title='bbox 1112 5487 1149 5548; x_wconf 91' lang='lat' dir='ltr'><strong>de</strong></span> <span class='ocrx_word' id='word_1_344' title='bbox 1164 5492 1293 5554; x_wconf 89' lang='lat' dir='ltr'><strong>concilio</strong></span> <span class='ocrx_word' id='word_1_345' title='bbox 1307 5509 1324 5553; x_wconf 90' lang='lat' dir='ltr'><strong>a</strong></span> <span class='ocrx_word' id='word_1_346' title='bbox 1339 5489 1422 5576; x_wconf 85' lang='lat' dir='ltr'><strong>Papa</strong></span> <span class='ocrx_word' id='word_1_347' title='bbox 1436 5493 1549 5558; x_wconf 82' lang='lat' dir='ltr'><strong>indicto</strong></span> <span class='ocrx_word' id='word_1_348' title='bbox 1565 5495 1690 5562; x_wconf 83' lang='lat' dir='ltr'><strong>mittunt</strong></span> <span class='ocrx_word' id='word_1_349' title='bbox 1699 5487 1742 5566; x_wconf 68' lang='lat' dir='ltr'><strong>,td</strong></span> <span class='ocrx_word' id='word_1_350' title='bbox 1754 5461 1949 5574; x_wconf 66' lang='lat' dir='ltr'><strong>hiantium,</strong></span> <span class='ocrx_word' id='word_1_351' title='bbox 1975 5487 2094 5557; x_wconf 80' lang='lat' dir='ltr'><strong>Ducem</strong></span> <span class='ocrx_word' id='word_1_352' title='bbox 2108 5485 2183 5558; x_wconf 69' lang='lat' dir='ltr'><strong>Sex.</strong></span> 
     </span>
    </p>
   </div>
   <div class='ocr_carea' id='block_1_15' title="bbox 0 0 2394 6258">
    <p class='ocr_par' dir='ltr' id='par_1_15' title="bbox 0 0 2394 6258">
     <span class='ocr_line' id='line_1_42' title="bbox 0 0 2394 6258; baseline 0 0"><span class='ocrx_word' id='word_1_353' title='bbox 0 0 2394 6258; x_wconf 95' lang='lat' dir='ltr'><strong> </strong></span> 
     </span>
    </p>
   </div>
  </div>
 </body>
</html>
