4754 6260
263 351 339 428 269
856 347 1300 430 EPISTOLARUM
1350 357 1458 436 LIB.
1480 359 1528 437 X.
1581 360 1716 439 teto.
2223 357 2297 430 260

266 537 329 593 est.
379 521 494 594 Deum
513 523 632 616 potius
654 547 737 612 oro,
767 537 809 596 ut
825 524 864 596 in
878 519 945 596 hac
959 527 1164 598 confusione
1178 523 1252 596 lm·
1286 553 1386 602 nem
1401 528 1570 623 provehi,
1593 532 1697 603 bonis
1711 545 1746 602 et
1761 533 1873 604 doctis
1889 532 1994 616 viris,
2020 531 2081 624 qni
2098 525 2163 606 has
2179 530 2298 600 literas

266 627 446 718 periurum
469 640 583 696 servet
596 624 790 697 Ecclesiam
810 628 909 699 sitam
934 641 968 699 et
980 628 1112 698 alicubi
1129 627 1253 699 studiis
1303 632 1438 722 legent,
1469 631 1566 705 hunc
1581 633 1801 706 Fridericum
1820 635 2027 706 commendo
2040 645 2207 726 [eosque
2224 655 2299 712 oro,

266 727 458 820 tranquilla
481 722 635 820 hospitia
657 730 836 804 concedat.
885 726 981 800 Hinc
996 729 1177 822 expellunt
1188 752 1255 798 nos
1304 748 1346 806 ut
1367 758 1446 805 eum
1466 749 1626 806 amanter
1648 737 1923 828 complectantur
1947 749 1981 806 et
1999 748 2138 804 ornent.
2190 730 2299 820 Quod

266 827 322 898 illi
347 827 434 920 ipsi,
466 828 587 921 quise
609 852 728 920 gerere
745 854 841 900 arma
859 831 1040 902 doctrinae
1054 855 1156 903 causa
1169 855 1255 924 pro·
1306 836 1369 928 qui
1381 837 1511 908 facient
1523 837 1687 927 privatim
1709 837 1882 927 exipsius
1893 882 1994 910 ......
2009 835 2045 930 *)
2071 849 2105 905 et
2126 834 2300 904 suavitate

266 930 420 1002 litentur.
478 926 717 1003 Proficiscitur
736 925 821 1022 'ergo
840 927 1089 1026 Hieronymus
1112 935 1157 1002 ad
1180 957 1254 1013 vos,
1306 960 1473 1026 magnum
1495 940 1648 1010 fructum
1671 939 1827 1032 capient,
1866 939 1967 1016 etde
1989 936 2169 1029 republica
2194 935 2234 1004 in
2258 958 2298 1002 co

266 1056 370 1124 quem
393 1045 538 1123 propter
559 1033 722 1102 eximiam
734 1032 774 1100 in
789 1033 890 1104 omni
904 1035 1018 1104 officio
1035 1034 1254 1124 diligentiam
1307 1040 1467 1110 ornando
1482 1041 1572 1111 benc
1587 1040 1829 1116 merebuntur.
1869 1035 1951 1112 Dat.
1965 1036 2110 1110 Calend.
2125 1036 2302 1108 Novemb.

268 1146 304 1202 et
316 1133 596 1206 moderationem
613 1134 797 1226 complecti
813 1147 848 1204 et
862 1157 989 1205 ornare
1004 1149 1038 1207 te
1053 1137 1172 1210 velim.
1215 1133 1255 1204 si
1310 1139 1419 1215 1546,
1783 1132 1787 1137 ’

256 1257 373 1328 'quam
398 1228 554 1304 scholam
576 1235 704 1305 iterum
719 1229 877 1306 habituri
893 1260 1035 1324 snmus,
1059 1239 1104 1308 ad
1119 1259 1184 1307 nos
1199 1259 1256 1305 re·
2058 1290 2061 1298 ·
2100 1233 2169 1314 Ph.
2195 1237 2251 1313 M.

267 1335 361 1406 mitti
380 1359 461 1408 cum
477 1336 579 1408 etiam
595 1359 671 1408 mea
687 1360 790 1410 causa
806 1339 970 1429 optarim.
1021 1335 1258 1410 Animadver-

267 1449 319 1509 tes
334 1450 427 1506 recte
442 1436 620 1508 eruditum
636 1460 709 1508 esse
724 1453 758 1511 et
774 1439 899 1510 iudicii
915 1439 1158 1514 dexteritatem
1173 1463 1258 1532 pro-

267 1537 434 1610 baturum
455 1551 489 1609 te
507 1561 579 1608 esse
596 1562 711 1633 spero.
760 1539 860 1618 Bene
875 1541 963 1617 vale.
1013 1540 1081 1614 Die
1096 1540 1256 1612 omnium

266 1650 468 1710 sanctorum
483 1631 531 1734 ’).
1308 1603 1375 1676 ΝΟ·
1392 1597 1505 1675 3593·
2069 1583 2077 1594 ⁸
2173 1614 2204 1675 t.
2222 1605 2299 1670 Nor.

1315 1697 1486 1730 w

769 1699 772 1705 Ι
807 1738 965 1838 Philipp.
981 1737 1207 1814 Melanthon.

1377 1963 1397 2027 †
1414 1959 1452 2014 Er
1472 1953 1626 2080 apoqrapbo
1640 1955 1667 2009 in
1680 1956 1744 2014 cod.
1761 1955 1872 2010 Monac.
1882 1955 1928 2012 90.
1941 1953 1994 2008 No.
2008 1951 2068 2008 Vll.
2087 1968 2115 2022 p.
2131 1951 2192 2011 124.
2208 1949 2299 2006 etalio

1413 2045 1530 2102 epogrep
1549 2046 1567 2080 o
1585 2025 1613 2078 in
1627 2024 1687 2082 cod·
1705 2025 1816 2082 Monac.
1826 2025 1870 2078 88.
1887 2023 1940 2078 No.
1954 2022 2001 2078 lV.
2020 2041 2047 2093 p.
2058 2021 2103 2078 65.

264 2073 461 2204 QQ·
1134 2097 1165 2156 1.
1180 2088 1259 2154 Nor.

1540 2179 1808 2253 Testimonium
1835 2176 2064 2274 Tonneri¹).

568 2327 571 2332 ⁸
603 2275 930 2365 Teitlm‘mmm'
1311 2317 1395 2406 Etsi
1417 2335 1455 2402 in
1475 2330 1542 2403 hac
1563 2332 1704 2402 mortali
1727 2329 1799 2400 vita
1819 2330 1956 2420 generis
1971 2325 2121 2400 humani
2135 2328 2300 2419 imperio·

336 2437 357 2502 †
373 2433 411 2490 E*
427 2433 622 2510 apographum
634 2436 698 2494 ⁰⁰⁶·
711 2436 824 2497 Momc.
839 2439 883 2494 88·
901 2437 953 2492 N0·
969 2435 1018 2492 W·
1035 2454 1062 2507 P·
1077 2435 1138 2491 ⁸4⁸·
1311 2463 1391 2508 rum
1421 2435 1545 2506 ruinae
1571 2433 1703 2502 multae
1733 2446 1769 2501 et
1794 2432 1912 2501 variae
1935 2430 2102 2501 omnibus
2128 2430 2299 2500 aetatibus

2079 2529 2090 2564 2

269 2585 357 2660 aa
392 2583 842 2682 senatuumque
875 2579 1262 2683 mononem.
1311 2529 2299 2721 titi?tttltetttltittt..tltliciti?

268 2717 324 2817 Et
338 2733 531 2804 necessaria
549 2747 631 2805 sunt
648 2733 740 2805 vitae
755 2729 932 2806 humanae
950 2727 1066 2807 studia
1081 2735 1264 2804 doctrinae
1313 2742 1452 2812 olosiom
1475 2749 1589 2808 servat
1612 2736 1864 2807 calebo-numm
1885 2736 2001 2825 ipsum
2019 2735 2059 2802 io
2075 2737 2176 2804 omni
2192 2749 2298 2803 omos.

269 2841 314 2910 de
329 2831 425 2920 Deo,
454 2834 498 2905 de
516 2833 593 2903 iure
613 2847 648 2904 et
663 2836 801 2906 iusticie
820 2850 853 2908 ct
868 2837 947 2906 aliis
961 2838 1066 2908 rebus
1081 2835 1204 2916 bonis,
1230 2846 1264 2905 et
1313 2844 1432 2912 nitate.
1482 2835 1643 2931 Cumque
1664 2833 1757 2906 hanc
1778 2858 1863 2906 voce
1880 2833 2068 2926 Evangelii
2089 2848 2124 2906 et
2142 2837 2299 2906 doctrina

270 2942 319 3011 ita
339 2948 422 3007 sunt
444 2937 627 3022 salutaria,
654 2961 734 3005 cum
749 2951 896 3009 naturae
911 2939 1125 3008 discentium
1141 2938 1264 3006 mode·
1313 2943 1473 3032 colligat,
1497 2964 1573 3010 non
1596 2939 1680 3010 sinit
1699 2960 1842 3030 prorsus
1858 2937 2015 3028 extingui
2031 2936 2214 3008 literarum
2231 2952 2299 3007 stn-

269 3055 366 3112 ratae
388 3051 489 3118 sunt,
522 3051 556 3107 et
578 3037 775 3138 simplicem
793 3040 976 3126 veritatem
992 3053 1128 3125 amant,
1154 3051 1189 3109 et
1204 3062 1264 3133 or-
1314 3045 1392 3129 dia,
1421 3043 1655 3135 pietatemque
1671 3040 1793 3110 laudat
1809 3063 1951 3124 eorum,
1982 3040 2045 3132 qui
2060 3039 2181 3110 literas
2199 3051 2231 3108 et
2247 3063 2299 3108 ar-

271 3143 355 3214 disse
370 3140 522 3225 dimum,
549 3152 584 3208 θῑ
596 3162 616 3207 θ
630 3137 706 3210 Deo
723 3154 867 3220 aeterno
883 3153 981 3232 palte
997 3140 1136 3211 domini
1153 3138 1265 3208 noslri
1313 3162 1364 3217 tes
1377 3141 1554 3215 Ecclesiae
1575 3141 1678 3213 utiles
1700 3141 1861 3221 discunt,
1887 3152 1928 3210 ut
1949 3163 2012 3210 suo
2034 3141 2156 3210 labore
2171 3141 2299 3230 proies-

270 3241 301 3316 l.
316 3241 355 3317 C.
374 3243 628 3329 gubernantur.
677 3237 842 3334 Comperl
861 3241 1032 3314 autemin
1047 3232 1266 3314 hocFride-
1314 3239 1494 3339 sionem')
1521 3243 1702 3316 doctrinae
1726 3240 1884 3312 coelestis
1906 3253 2082 3314 tueantur.
2135 3239 2188 3314 lta
2213 3239 2299 3312 Pau-

273 3343 347 3416 rioo
365 3334 563 3426 Schwartz,
596 3340 753 3431 Sigensi,
786 3343 940 3414 nativam
966 3367 1039 3414 csse
1059 3341 1265 3434 gravitatem
1315 3351 1370 3419 los
1396 3348 1495 3417 iubet
1516 3339 1746 3415 Timotheum
1767 3343 1943 3414 custodiro
1963 3340 2140 3433 egregium
2165 3344 2299 3432 depost.

273 3461 308 3519 et
324 3444 492 3514 eximium
508 3466 664 3513 amorem
679 3444 837 3516 veritatis
855 3459 889 3515 et
904 3445 1066 3538 itutitiae,
1090 3442 1175 3514 item
1191 3444 1267 3511 sin·
1314 3465 1409 3535 tum,
1434 3447 1598 3518 videlicet
1616 3456 1845 3515 monumenta
1868 3444 2050 3516 doctrinae
2073 3457 2107 3513 et
2129 3439 2300 3530 Ecclesiae

273 3548 431 3640 gularcm
455 3544 676 3634 diligentiam
697 3546 735 3614 in
756 3547 857 3614 omni
873 3546 1001 3615 officio·
1051 3540 1213 3637 Cumque
1229 3565 1266 3634 ‚se
1315 3549 1536 3621 sententiam.
1565 3545 1739 3617 Voluntas
1755 3546 1863 3636 igitur
1878 3539 2033 3638 Georgii
2046 3538 2219 3613 Taenari
2234 3547 2300 3613 val-

274 3652 319 3720 ἃᾶ
335 3647 587 3738 rempublicam
602 3661 803 3738 praeparet,
830 3647 896 3718 θῑδῖ
909 3644 1094 3741 Praecipue
1111 3667 1148 3714 ὅθ
1164 3645 1265 3714 dedi·
1316 3656 1360 3724 de
1382 3649 1567 3743 probanda
1589 3660 1656 3731 est,
1681 3649 1776 3741 quod
1793 3646 1836 3716 iis
1851 3671 1887 3714 se
1902 3647 2028 3716 studiis
2043 3647 2231 3737 praecipue
2246 3649 2300 3715 de-

275 3751 330 3822 dit
358 3748 539 3820 doctrinae
570 3745 930 3833 lurisconsuhmrm,
961 3759 1080 3817 tamen
1106 3746 1284 3816 adiunxit
1315 3754 1425 3839 didit,
1450 3775 1539 3846 quae
1563 3764 1597 3820 et
1612 3749 1680 3840 ipsi
1692 3748 1858 3840 privatim
1872 3749 1918 3818 ad
1937 3771 2055 3818 veram
2071 3743 2138 3842 Dei
2155 3748 2300 3838 agnitio·

275 3853 381 3923 etiam
402 3850 557 3943 aliquam
579 3843 827 3941 philosophiae
848 3860 883 3920 et
898 3844 1130 3920 historiarum
1146 3847 1268 3936 cogni·
1316 3879 1398 3926 nom
1430 3867 1464 3926 ot
1493 3853 1754 3921 invocationem
1786 3863 1820 3918 et
1841 3850 1885 3919 ad
1910 3849 2081 3938 regendos
2104 3871 2242 3932 mores,
2274 3861 2299 3917 et

275 3954 430 4039 limem,
455 3952 747 4045 quflfflfflsffliffl,
772 3948 1269 4042 graecffissi'lfflnfflscripw-
1316 3957 1445 4029 deinde
1474 3956 1513 4026 in
1544 3975 1691 4024 munere
1719 3949 1864 4042 publico
1890 3952 2097 4042 prodessent
2119 3945 2300 4020 Ecclesiae.

274 4078 331 4126 res
345 4066 498 4138 veteres,
516 4051 619 4122 avide
634 4051 737 4142 legit,
761 4075 912 4145 vereque
928 4051 1079 4138 iudicat,
1100 4073 1269 4140 magnum
1316 4055 1365 4130 Et
1393 4051 1465 4157 [ut]
1496 4054 1630 4125 maiore
1661 4051 1866 4124 dexteritate
1898 4051 2082 4120 coelestem
2111 4052 2300 4122 doctrinam
2363 4085 2364 4150 3

205 4185 209 4194 ’
277 4170 313 4226 et
334 4157 450 4244 legum
467 4153 607 4224 civitae
622 4152 744 4224 lumen
762 4175 834 4224 esse
851 4149 1048 4225 historiam·
1100 4149 1270 4240 inlelligit
1318 4162 1491 4252 explicare
1508 4168 1625 4248 posset
1645 4153 1812 4223 instruxit
1826 4176 1861 4223 se
1877 4152 2079 4242 cognitione
2091 4149 2300 4242 linguarum,
2363 4151 2364 4240 l

277 4273 414 4337 aulem,
439 4254 625 4347 Praecipue
645 4255 828 4326 ⁰⁰ssdiium
847 4277 920 4324 0⁵⁸²
935 4247 1132 4324 humanum
1148 4275 1269 4343 genus,
1318 4262 1466 4344 latinae,
1498 4279 1658 4348 graecae,
1692 4249 1894 4338 hebraicae,
1933 4266 1969 4324 et
1996 4275 2120 4323 omncs
2149 4249 2298 4346 philoso-

277 4373 319 4429 ut
340 4357 378 4426 in
399 4379 440 4426 eo
459 4353 591 4425 noticia
606 4350 674 4424 Dei
695 4356 827 4440 luceat,
853 4339 977 4426 Deum.
990 4355 1149 4440 invocet,
1174 4377 1215 4424 ac
1229 4367 1270 4422 ul
1317 4357 1424 4456 plaiae
1438 4373 1556 4453 partes
1569 4355 1793 4428 mediocriter
1808 4355 1944 4442 didicit,
1969 4355 2065 4448 <tuoe
2080 4377 2122 4424 eo
2136 4355 2220 4425 fecit
2234 4354 2299 4424 avi·
2363 4423 2364 4456 ,

277 4462 321 4531 ad
351 4480 513 4528 normam
533 4456 675 4526 divinae
697 4457 827 4527 mentis
845 4469 918 4527 tota
941 4469 1064 4526 nostra
1087 4456 1159 4526 vita
1182 4479 1270 4525 con·
1318 4464 1416 4547 dios,
1442 4460 1545 4555 quia,
1571 4483 1651 4528 cum
1668 4469 1794 4527 natura
1809 4457 1855 4526 ad
1871 4455 2026 4527 musicen
2046 4457 2146 4548 quasi
2163 4458 2209 4526 ab
2223 4455 2300 4544 ipsis
2363 4481 2364 4490 ¹

277 4571 391 4652 gruel.
430 4557 515 4629 Ideo
532 4559 729 4628 doctrinam
744 4559 788 4628 de
801 4556 878 4629 Deo
896 4559 1093 4630 illustribus
1111 4557 1269 4628 ieslissw·
1318 4565 1429 4636 musis
1450 4562 1567 4632 insitis
1580 4559 1775 4629 seminibus
1793 4559 1947 4643 feratur,
1980 4581 2054 4652 non
2069 4568 2208 4627 tantum
2226 4553 2300 4624 har-

278 4663 351 4732 niis
372 4663 411 4731 in
426 4657 584 4730 Ecclesia
606 4653 774 4730 calholica
790 4655 925 4731 Christi
947 4661 1114 4732 traditum
1136 4658 1272 4738 didicit,
1318 4666 1456 4736 monias
1478 4687 1624 4746 vocum,
1655 4661 1717 4729 sed
1741 4660 1846 4730 etiam
1863 4659 1902 4727 iu
1917 4658 2052 4751 reliqua
2068 4671 2194 4727 natura
2209 4657 2300 4738 coeli,

279 4777 312 4833 et
328 4761 552 4855 amplectitur
568 4769 776 4831 consensum
794 4755 985 4848 catholicae
998 4757 1176 4831 Ecclesiae
1193 4756 1270 4828 Dei.
1320 4768 1358 4835 io
1380 4768 1634 4836 olomoomoom
1650 4760 1757 4840 serio,
1784 4761 1823 4829 io
1840 4784 1958 4831 mmm
1976 4760 2193 4828 noscentium
2210 4757 2302 4828 mili.

278 4865 438 4934 Primum
461 4863 569 4952 igliur
583 4860 698 4932 Deum
715 4887 855 4956 Pfefflr,
883 4878 924 4934 1¹1
938 4864 1144 4943 universum
1158 4859 1273 4929 curri-
1319 4869 1470 4950 tatibus,
1502 4865 1655 4956 denique
1677 4863 1715 4929 in
1737 4857 1912 4932 humanae
1935 4859 2063 4930 mentis
2082 4861 2207 4930 ordine
2222 4882 2301 4926 con·

246 4968 399 5060 ,tulum
424 4966 515 5035 vilae
538 4965 650 5055 ipsius
672 4978 705 5034 el
727 4965 841 5035 Studia
864 4965 1049 5054 gubemet.
1099 4958 1165 5046 Ei,
1191 4984 1270 5029 ⁰11¹·ss
1321 4970 1525 5038 cinnitatem
1556 4976 1835 5054 concentumque
1861 4975 1894 5034 et
1916 4960 2017 5054 quasi
2040 4957 2241 5030 harmonias
2259 4958 2302 5025 li-

279 5066 494 5160 reipublicae
508 5069 691 5157 conducat,
715 5069 808 5138 bona
825 5065 968 5156 ingenia
983 5065 1026 5134 ad
1043 5061 1272 5152 gubernatio·

280 5217 506 5237 ----·--
1355 5198 1385 5269 ²⁸¹)
1402 5197 1526 5271 Legitnrs
1547 5197 1636 5264 vitris,
1658 5196 1731 5269 quod
1745 5196 1876 5251 mendum
1890 5205 1940 5255 est.
1975 5195 2151 5267 Expectasses
2163 5195 2301 5252 volutatus

310 5304 340 5374 ⁸)
355 5303 507 5378 Adscripeit
519 5303 570 5360 alie
580 5317 677 5358 manus
690 5321 756 5364 ann,
773 5301 849 5356 1547.
883 5297 936 5356 sea
950 5308 990 5354 est
1001 5296 1099 5370 scripta
1111 5313 1182 5350 anno
1196 5293 1274 5352 1546.
1390 5268 1433 5325 ἘΙ
1448 5266 1501 5320 ²²¹⁸
1516 5265 1591 5336 ilum·

308 5389 358 5462 *ἢ
377 5389 491 5445 Videtur
504 5388 676 5444 &toarcius
687 5387 760 5458 apud
778 5383 981 5440 commilitones
994 5397 1149 5478 cognomen
1162 5379 1210 5434 llis
1229 5383 1272 5436 ani
1358 5354 1385 5408 ll
1400 5349 1468 5406 οῦδ·
1484 5349 1596 5404 M⁰¹¹³⁰'
1612 5349 1655 5404 ⁸⁸·
1668 5346 1762 5404 κήδῃ
1777 5347 1934 5405 stw'l‘r'i
2064 5445 2067 5450 ι
2363 5343 2364 5374 l

346 5457 496 5530 germanici
509 5458 635 5512 habuisse
648 5457 685 5512 ob
696 5458 844 5528 „muneret
854 5455 1027 5530 gravitatem
1044 5488 1055 5522 ,
1074 5467 1155 5523 quarn
1168 5450 1194 5504 ei
1240 5469 1270 5504 c·
1356 5437 1384 5504 2)
1405 5435 1561 5490 ὒιΜῡῦθῦ·
1575 5433 1715 5487 ⁸⁸·81'wl·
1749 5515 1755 5530 ¹
2363 5439 2364 5472 t

238 5567 245 5579 .
343 5530 456 5584 lantbon
468 5526 514 5584 bic
526 5525 630 5582 tribuit.
1269 5546 1270 5550 ¹
1355 5519 1383 5591 8)
1403 5519 1435 5575 G.
1449 5518 1562 5573 Monac.
1575 5515 1619 5570 88.
1629 5530 1845 5583 possessronem.
2126 5521 2132 5532 ’

2363 1525 2364 1556 t

2363 1559 2364 1616 t

1641 1800 1966 1884 Testimonium.
