4754 6260
92 347 160 423 161
685 335 1124 420 EPISTOLARUM
1174 337 1281 417 ΗΒ.
1314 338 1361 421 Χ.
1416 339 1548 418 tata
2075 349 2148 422 162

91 520 272 613 Baptista,
296 519 506 592 monstravit
521 539 651 611 agnum
664 505 751 605 Dei,
777 517 841 612 qni
855 515 939 588 tulit
951 525 1091 607 peccata
1146 535 1212 588 nes
1227 516 1271 586 de
1286 513 1543 606 Indulgentiis,
1569 539 1659 612 qnae
1687 517 1726 588 in
1742 518 1858 609 primo
1876 517 1993 589 Temo
2013 543 2145 590 monu-

87 639 235 707 nostra‚
259 623 413 692 ostendit
439 621 547 711 gratis
573 635 719 714 propter
740 621 854 692 lilium
870 615 938 689 Dei
959 616 1093 686 renritti
1146 631 1349 688 mentorum
1369 618 1482 710 ipsius
1505 632 1644 711 extant,
1669 615 1718 691 Et
1738 614 1802 690 has
1825 622 1965 714 publice
1980 619 2145 716 Templo,

88 739 258 820 peccata,
287 735 326 794 et
356 723 503 817 quidem
524 737 690 815 oportere
713 722 749 792 id
781 719 993 792 beneficium
1023 709 1094 787 fide
1147 722 1242 814 quod
1262 719 1615 812 arcintebergensi
1632 722 1837 812 contiguum
1854 735 1924 808 est,
1939 722 2049 794 affixit
2066 725 2144 816 pri·

5 815 7 852 ⁸
91 827 219 918 accipi.
263 822 459 895 lllustravit
476 837 510 894 et
524 839 677 894 caeteras
692 837 811 915 partes
826 822 1009 893 doctrinae
1021 815 1094 890 Ec·
1146 821 1205 892 die
1233 823 1313 892 festi
1342 825 1504 893 omnium
1532 823 1746 896 Sanctorum
1774 847 1870 896 anno
1904 823 2014 900 1517.
2071 825 2142 897 Hic

92 927 320 1000 clesiasticae.
378 924 477 996 Haec
498 927 531 996 ci
555 926 697 997 exordia
728 949 849 996 rernm
877 923 1093 1015 optimarum
1143 922 1312 994 Tecclius
1326 919 1421 995 nihil
1438 926 1494 996 sui
1511 926 1713 1011 dissimilis,
1728 949 1769 996 ac
1783 949 1927 1018 sperans
1943 926 2047 997 etiam
2062 949 2143 1018 gra-

90 1051 260 1122 magnam
284 1028 507 1098 autoritatem
533 1029 862 1108 circumdederunt,
887 1023 1092 1118 praesertim
1138 1024 1231 1097 tiam
1255 1049 1293 1096 se
1309 1031 1402 1119 apud
1418 1025 1622 1100 Romanum
1638 1025 1845 1099 Pontificem
1869 1028 2042 1099 initurum
2059 1051 2143 1116 esse,

93 1158 174 1204 cum
192 1152 309 1200 mores
327 1143 561 1220 congruerent
576 1155 655 1201 cum
670 1131 831 1200 oratione
842 1125 1095 1211 docentis,vi-
1147 1151 1251 1198 suum
1282 1142 1443 1200 senatum
1477 1141 1665 1216 convocat,
1707 1125 1907 1201 Monachus
1940 1130 2076 1224 aliquot
2108 1144 2142 1202 et

94 1239 311 1323 dereturqne
333 1233 446 1304 oratio
469 1255 543 1300 non
566 1233 605 1300 in
619 1233 729 1302 labris
744 1231 860 1318 nasci,
886 1231 946 1300 sed
970 1229 1010 1296 in
1030 1249 1093 1320 pe-
1147 1224 1350 1321 Theologos
1373 1225 1563 1324 sophistica
1590 1255 1653 1304 sua
1674 1229 1909 1326 utcunque¹³)
1930 1232 2055 1302 leviter
2069 1232 2141 1303 tin'-

91 1353 206 1408 ctore.
258 1332 355 1404 llaec
377 1334 469 1404 vitae
491 1333 682 1404 admiratio
707 1357 851 1425 magnas
866 1332 975 1402 efficit
988 1329 1095 1398 incli-
1147 1345 1239 1418 ctos,
1258 1327 1323 1402 hos
1338 1355 1548 1424 componere
1562 1333 1698 1430 aliquid
1713 1335 1810 1407 iubet
1824 1337 1992 1406 adversus
2005 1330 2142 1405 Luthc-

94 1439 261 1509 nationes
280 1437 321 1504 in
343 1435 472 1506 animis
493 1437 716 1519 auditorum,
757 1449 800 1506 ut
822 1433 966 1504 Veteres
988 1432 1094 1502 etiam
1147 1455 1240 1507 nrm.
1297 1433 1377 1527 lpse
1407 1433 1540 1506 interea
1565 1461 1612 1506 ne
1636 1449 1724 1506 esset
1753 1433 1897 1531 κωφῶν
1929 1429 2142 1529 πρόσωπον,

94 1543 283 1619 dixerunt,
316 1533 469 1630 σχεδὸν,
511 1533 562 1618 ὥς
591 1538 723 1624 elneiv,
758 1527 994 1634 κυριωτάτην
1023 1531 1094 1624 ἔχει
1147 1559 1222 1606 non
1236 1535 1307 1604 iam
1322 1537 1531 1624 conciones,
1554 1535 1782 1609 sedfulmina
1796 1541 1838 1610 in
1853 1531 2052 1609 Luthernm
2066 1551 2142 1609 tor-

94 1637 222 1714 πίστιν
241 1631 404 1732 calidos.
456 1637 577 1728 Quare
594 1653 714 1732 postea
738 1663 818 1710 urm
841 1639 1012 1732 quosdam
1036 1658 1094 1703 re-
1147 1651 1251 1731 quet,
1283 1640 1499 1710 vociferatur
1523 1640 1658 1735 ubique
1692 1634 1789 1712 hunc
1821 1634 2037 1710 haereticum
2067 1639 2143 1731 igni

95 1754 219 1836 reptos
238 1743 330 1813 ritus
349 1753 520 1826 mutaret,
546 1737 687 1812 honesti
710 1741 801 1822 viri,
834 1741 897 1835 qui
921 1763 1002 1809 eum
1027 1759 1095 1806 no·
1144 1741 1367 1830 perdendum
1390 1763 1481 1826 esse,
1514 1742 1774 1834 propositiones
1804 1743 1909 1814 ctiam
1930 1736 2083 1811 Lutheri
2109 1754 2145 1812 et

94 1859 197 1932 rant,
234 1844 355 1912 minus
380 1837 609 1913 vehementer
642 1843 817 1913 adversati
852 1853 953 1922 sunt,
992 1839 1096 1932 eique
1149 1842 1353 1912 concionem
1394 1846 1437 1912 de
1470 1841 1706 1933 Indulgentiis
1739 1843 1881 1936 publice
1919 1843 2064 1914 coniicit
2103 1844 2143 1911 in

95 1961 247 2042 propter
268 1945 511 2027 autoritatem,
536 1969 642 2038 quam
666 1959 700 2015 et
715 1969 834 2014 rerum
850 1945 1027 2014 bonarum
1049 1941 1095 2009 il-
1146 1943 1318 2014 flammas.
1357 1943 1558 2016 Hilurores
1579 1945 1712 2016 Tecelii
1729 1946 1854 2016 eteius
1870 1945 2059 2017 satellitum
2075 1945 2147 2013 im-'

98 2047 311 2120 lustratione
343 2057 379 2116 et
407 2047 589 2117 sanctitate
608 2071 748 2116 morum
774 2059 876 2117 antea
898 2056 1097 2138 pepererat,
1150 2059 1290 2137 ponunt
1304 2047 1547 2118 necessitatem
1563 2044 1725 2118 Lnthero
1740 2049 1784 2118 de
1805 2050 1912 2118 rebus
1935 2047 2061 2116 iisdem
2084 2069 2145 2117 co-

99 2153 138 2220 in
161 2152 207 2220 iis
226 2148 414 2220 sententiis
434 2149 684 2234 adsenserunt,
708 2149 839 2244 quibus
862 2171 990 2240 magno
1015 2169 1098 2216 eum
1147 2148 1284 2240 piosius
1301 2144 1515 2234 disserendi,
1542 2161 1577 2219 et
1591 2153 1746 2222 tuendae
1760 2150 1929 2224 veritatis.

102 2254 226 2324 dolore
241 2251 410 2320 videbant
424 2251 546 2319 orbem
563 2265 737 2322 terrarum
750 2245 912 2323 distrahi.
1250 2249 1348 2321 Haec
1371 2251 1476 2320 initia
1500 2253 1646 2324 suerunt
1668 2247 1779 2323 huius
1801 2249 2080 2336 controversiae,
2106 2249 2144 2318 in
2245 2261 2250 2272 “

204 2351 277 2423 Nec
290 2347 471 2422 Lntberus
485 2365 569 2422 tunc
592 2354 631 2420 in
652 2353 781 2423 ritibus
802 2353 997 2447 quidquam
1016 2373 1099 2420 mu-
1152 2373 1221 2446 qua
1237 2346 1416 2423 Luthcrus
1433 2349 1526 2422 nibil
1543 2350 1659 2424 adbuc
1681 2355 1863 2446 suspicans
1881 2367 1945 2424 aut
1964 2353 2147 2423 somnians

102 2458 217 2539 tabat,
252 2457 324 2524 imo
356 2454 499 2523 tetricus
528 2454 737 2545 disciplinae
758 2467 874 2526 custos
896 2456 991 2522 inter
1017 2471 1099 2520 suos
1153 2453 1337 2524 defutura
1358 2455 1555 2526 mutatione
1573 2455 1727 2543 rituum,
1750 2480 1797 2525 ne
1814 2457 1959 2550 quidem
1975 2455 2066 2546 ipsas
2090 2455 2148 2523 in-

103 2573 197 2637 erat,
223 2581 289 2626 nec
309 2555 498 2625 miscuerat
523 2556 659 2650 aliquid
682 2556 893 2648 opinionum
918 2551 1100 2623 horridio-
1153 2553 1353 2644 dulgentias
1365 2578 1509 2645 prorsus
1525 2557 1734 2644 abiiciebat,
1755 2560 1816 2629 sed
1830 2571 1969 2630 tantum
1986 2559 2149 2627 modera-

104 2686 197 2732 rum.
251 2657 320 2729 Sed
347 2657 445 2726 illam
473 2681 697 2726 communem
723 2670 757 2726 et
782 2675 1102 2749 prorsusnecessa-
1152 2653 1288 2724 tionem
1308 2653 1502 2746 flagitabat.
1562 2657 1684 2748 Quare
1708 2659 1798 2730 salso
1823 2684 1905 2730 eum
1928 2659 2151 2730 calumnian-

105 2763 196 2832 tium
209 2759 414 2829 'doctrinam
439 2759 607 2828 omnibus
628 2759 737 2850 magis
748 2759 931 2852 magisque
945 2757 1103 2827 illustra·
1152 2767 1233 2842 tur,
1259 2759 1321 2854 qni
1342 2781 1364 2827 a
1386 2759 1568 2849 plausibili
1589 2783 1692 2830 cansa
1708 2759 1927 2858 exorsum¹⁴)
1943 2761 2085 2846 dicunt,
2111 2773 2152 2831 nt

105 2867 184 2946 bat,
219 2864 264 2931 de
292 2861 529 2954 poenitentia,
559 2863 603 2930 de
632 2863 840 2931 remissione
866 2871 1103 2952 pcccatorum,
1156 2871 1275 2950 postca
1290 2873 1443 2931 mutaret
1459 2857 1752 2952 Rempublicam‚
1776 2875 1810 2933 et
1830 2864 1887 2932 vel
1910 2863 1980 2933 sibi
1995 2863 2051 2932 vel
2074 2861 2154 2931 aliis

106 2969 149 3036 de
166 2965 258 3048 fide,
284 2967 328 3032 de
343 2963 436 3033 veris
450 2962 752 3034 consolationibus
768 2964 807 3032 in
824 2985 938 3035 cruce
983 2958 1102 3029 Huius
1153 2961 1352 3052 potentiam
1371 2977 1565 3057 quaereret.
1606 2959 1660 3034 Ac
1675 2976 1814 3034 tantum
1832 2965 1948 3046 abest,
1976 2977 2016 3034 ut
2030 2963 2075 3032 ab
2089 2989 2154 3033 au-

106 3065 291 3138 doctrinae
314 3059 560 3158 dnlcedine¹²)
586 3065 637 3156 pii
660 3089 783 3136 omnes
796 3065 901 3134 valde
917 3062 1106 3154 capieban-
1159 3063 1236 3133 licis
1266 3065 1481 3135 subornatus
1508 3079 1570 3137 aut
1593 3065 1760 3138 incitatus
1792 3065 1855 3152 sit,
1893 3066 1985 3138 sicut
2015 3065 2156 3157 scripsit

106 3185 185 3254 tur,
204 3163 265 3236 'Et
287 3167 435 3236 eruditis
459 3181 596 3256 gratum
624 3179 717 3253 erat,
752 3168 853 3262 quasi
878 3191 919 3236 ex
939 3163 1107 3248 tenebris,
1155 3163 1240 3236 Uarr
1254 3163 1545 3254 Brunsvicensis,
1569 3181 1610 3240 ut
1624 3167 1780 3239 doluerit
1796 3169 1900 3239 ctiam
1917 3165 1999 3238 Dux
2018 3161 2156 3236 Fride-

108 3292 267 3354 earcere,
280 3269 442 3362 squalore
458 3269 560 3338 educi
576 3264 771 3356 Christum,
786 3263 991 3360 Prophetas,
1006 3263 1106 3358 Apo·
1160 3266 1257 3338 riuis
1269 3269 1407 3339 moveri
1421 3269 1629 3358 certamina,
1655 3271 1760 3362 longe
1780 3269 2017 3363 prospiciens,
2043 3293 2157 3364 qnan-

109 3373 239 3456 stolos‚
255 3370 411 3460 conspici
429 3370 618 3439 discrimen
633 3370 738 3460 Legis
754 3386 787 3441 et
804 3370 1008 3460 Evangelii,
1022 3391 1107 3460 prn—
1161 3392 1267 3463 quarn
1287 3371 1472 3441 exordium
1488 3387 1578 3442 esset
1592 3375 1636 3442 de
1653 3395 1691 3441 rc
1708 3372 1913 3466 plausibili,
1937 3387 2155 3464 tamenpau-

109 3474 322 3544 missionum
338 3471 442 3562 Legis
457 3487 490 3542 et
510 3471 1007 3562 promissionisEvangelicae‚
1021 3465 1109 3540 Phi·
1162 3473 1259 3542 latim
1284 3473 1389 3543 latius
1411 3487 1614 3565 vagaturam
1633 3499 1706 3545 esse
1722 3471 1815 3545 hanc
1828 3475 2028 3559 flammam,
2054 3488 2093 3542 ut
2115 3475 2159 3541 de

110 3571 296 3666 losophiae
314 3585 348 3643 et
365 3570 569 3664 Evangelii,
594 3576 689 3667 quod
707 3589 799 3644 certe
816 3599 892 3644 non
907 3575 1044 3643 extabat
1068 3572 1108 3640 in
1163 3574 1226 3646 lite
1246 3577 1339 3666 apud
1363 3573 1559 3646 Homerum
1584 3575 1731 3647 dicitur:
1783 3600 1892 3668 parva
1924 3589 2022 3645 metu
2043 3575 2158 3666 prim'o

111 3674 274 3760 Thomu,
300 3673 405 3744 Scoto
423 3687 457 3744 et
471 3676 668 3760 similibus,
694 3677 848 3746 iustitiae
862 3673 1057 3769 spiritualis
1077 3686 1111 3743 et
1163 3701 1245 3747 mox
1263 3699 1337 3746 sese
1353 3677 1483 3749 attollit
1500 3677 1537 3746 in
1553 3703 1666 3749 auras.
1708 3675 1871 3773 Cumque
1889 3700 1982 3747 unus
1999 3677 2160 3746 omnium

111 3803 233 3850 rerum
250 3776 487 3869 politicarum.
540 3775 740 3847 Accedebat
755 3773 845 3862 huc,
872 3780 969 3870 quod
986 3773 1112 3845 Eras—
1164 3793 1307 3849 nostrae
1322 3780 1443 3849 aetatis
1458 3779 1660 3871 principum
1671 3771 1889 3850 Fridericus
1908 3793 1941 3850 et
1957 3777 2161 3870 tranquilli·

113 3881 168 3950 mi
181 3877 323 3971 scriptis
337 3889 407 3947 tam
426 3877 574 3949 invitata
592 3894 689 3949 erant
713 3880 909 3949 iuventutis
932 3879 1048 3950 studia
1067 3879 1112 3947 ad
1165 3882 1249 3952 tatis
1259 3881 1428 3973 publicae
1445 3881 1707 3952 amantissimus
1715 3881 1834 3966 suerit,
1851 3895 1886 3952 et
1901 3880 2162 3949 minimenleo-

114 3983 247 4054 latinae
279 3992 314 4050 et
346 4001 488 4068 graecae
520 3982 662 4070 linguae
698 3981 956 4071 cognitionem,
994 3979 1114 4069 Quare
1166 3979 1349 4067 νεκτικὸς,
1368 3984 1589 4075 maximeque
1605 3981 1729 4052 solitus
1746 3981 1791 4051 sit
1806 3982 1938 4051 referre
1953 3979 2100 4050 consilia
2117 3981 2162 4049 ad

114 4095 316 4156 monstrato
350 4083 420 4150 iam
450 4083 608 4152 dulciore
629 4105 757 4172 genere
780 4084 979 4166 doctrinae,
1008 4080 1116 4150 multi
1169 4105 1392 4154 communem
1417 4084 1566 4154 salutem
1583 4083 1682 4154 orbis
1697 4089 1890 4181 terrarum,
1914 4097 1954 4153 ut
1976 4107 2017 4151 ex
2040 4081 2163 4152 multis

116 4189 223 4259 bonis
246 4198 280 4254 et
303 4183 425 4253 liberis
449 4184 602 4275 ingeniis
623 4185 775 4276 praediti
793 4181 984 4253 abhorrere
998 4207 1018 4252 a
1032 4184 1116 4270 bar·
1168 4188 1274 4257 rebus
1298 4186 1451 4275 intelligi
1471 4197 1604 4277 potest,
1625 4177 1695 4256 nec'
1713 4180 2073 4270 incitator·Luther0‚
2099 4207 2164 4253 nec

115 4289 237 4360 barica
255 4299 289 4356 et
303 4281 494 4376 sophistica
514 4287 675 4357 doctrina
692 4282 953 4358 Monachorum
968 4284 1118 4376 incipis·
1171 4289 1362 4382 adplausor
1377 4288 1455 4373 fuit,
1472 4287 1815 4383 suumquedolorem
1830 4310 1933 4379 saepe
1944 4285 2165 4375 significavit,

116 4393 216 4463 bant.
275 4385 355 4478 lpse
384 4388 488 4456 etiam
519 4384 700 4459 Luthcrus
730 4409 872 4479 graecae
895 4401 929 4459 et
959 4387 1118 4458 ebraicae
1171 4391 1423 4485 qnemassidue
1437 4390 1654 4462 circumtulit
1670 4404 1831 4462 metuens
1847 4389 2040 4459 discordias
2054 4387 2168 4457 maio·

118 4493 264 4583 linguae
278 4489 403 4560 studiis
419 4511 456 4558 se
474 4490 602 4560 dedere
617 4491 751 4582 coepit,
771 4505 812 4562 nt
829 4491 966 4581 cognita
985 4513 1120 4558 sermo-
1171 4517 1238 4566 res.
1264 4491 1336 4564 Sed
1345 4493 1401 4561 vir
1409 4491 1548 4584 sapiens
1562 4506 1596 4562 et
1606 4516 1680 4562 non
1689 4506 1825 4564 tantum
1836 4485 2020 4583 prophana
2037 4487 2169 4558 iudicia

119 4596 177 4664 nis
204 4591 418 4684 proprietate
451 4605 485 4662 et
507 4587 649 4682 phrasi,
685 4605 718 4662 et
746 4588 872 4665 hausta
894 4617 936 4663 ex
958 4592 1120 4662 lontibus
1173 4617 1343 4688 sequens,
1367 4617 1457 4688 quae
1482 4607 1601 4664 tenera
1622 4593 1725 4664 initia
1747 4593 1907 4664 omnium
1929 4589 2169 4661 mutationum

122 4695 305 4776 doctrina,
331 4693 510 4762 dexterius
526 4694 683 4764 iudicare
697 4707 823 4786 posset.
1175 4697 1356 4767 celerrime
1378 4695 1532 4787 opprimi
1548 4697 1697 4780 iubent,
1723 4695 1784 4764 scd
1807 4694 1912 4763 etiarn
1934 4715 2097 4763 normam
2112 4691 2170 4760 di-

225 4794 269 4865 lu
301 4789 368 4864 hoc
397 4815 502 4864 cursu
526 4820 607 4866 curn
631 4793 936 4883 esset¹Lutherns,
971 4797 1122 4885 circnm—
1175 4800 1296 4869 vinam
1318 4799 1357 4867 in
1379 4797 1566 4868 consilium
1591 4793 1784 4881 adhibens,
1819 4819 1909 4888 quae
1932 4792 2031 4863 iubet
2052 4791 2168 4864 audiri

121 4901 290 4970 feruntur
312 4897 454 4967 venales
476 4897 719 4986 indulgentiae
741 4898 780 4968 in
803 4893 860 4969 his
876 4899 1125 4990 regionibusa
1176 4897 1430 4990 Evangelium,
1463 4912 1497 4970 et
1524 4912 1620 4970 vetat
1650 4899 1788 4988 agnitae
1808 4897 1951 4968 veritati
1979 4894 2171 4977 adversari,

124 4995 271 5072 Tesels'o
298 4996 539 5068 Dominicano
566 4999 875 5091 impudentissimo
900 4997 1127 5095 sycophanta,
1178 5028 1217 5073 ac
1248 4997 1504 5094 blasphemiam
1534 5015 1637 5071 vocat
1669 4994 1893 5070 horribiliter
1922 4999 2124 5068 damnatam
2151 5019 2172 5064 a

126 5103 228 5174 cuius
250 5100 371 5194 impiis
396 5113 430 5170 et
452 5101 598 5171 nefariis
621 5102 855 5172 concionibus
875 5103 1036 5174 irritatus
1051 5101 1126 5174 Lu·
1178 5106 1254 5178 Deo
1278 5103 1507 5196 pertinaciam
1526 5101 1666 5172 veritati
1680 5103 1942 5186 adversantem,
1967 5100 2052 5169 fecit
2075 5097 2172 5190 quod

126 5199 269 5290 theras,
294 5203 413 5274 studio
436 5203 577 5296 pietatis
600 5204 748 5290 ardens,
774 5205 885 5274 edidit
904 5202 1127 5299 Propositio-
1179 5208 1283 5280 multi
1311 5204 1373 5276 alii
1402 5205 1453 5296 pii
1488 5217 1523 5273 ct
1547 5203 1722 5296 sapientes
1747 5205 1925 5289 fecerunt,
1952 5199 2034 5300 'Deo
2062 5196 2173 5276 cessit,

134 5401 367 5419 m

346 5477 352 5500 ν
1218 5457 1262 5528 13)
1283 5457 1364 5515 Decl.
1383 5476 1437 5514 sua
1449 5459 1600 5526 sopharna
1613 5467 1761 5528 utrunque.

167 5523 217 5597 ιἵ)
235 5521 318 5583 ⁰²⁸¹·
335 5525 483 5580 dssloedt'm'
499 5527 657 5582 dmm&
770 5549 774 5556 ·
893 5542 899 5552 '
1220 5537 1269 5610 lt)
1287 5541 1438 5605 exorsum]
1456 5535 1536 5594 Desl.
1553 5553 1702 5593 exorsum.

143 5631 325 5698 birram.
353 5631 458 5700 Orrn.
509 5633 593 5701 Vos.
619 5632 679 5704 Vl.
1054 5677 1063 5694 =
1364 5647 1406 5715 11
