4682 6254
69 325 146 406 455
518 321 523 328 ’
657 322 1091 409 selsrouanuu
1148 321 1336 407 LlB.X.
1390 319 1522 406 1547.
1738 329 1742 340 '
2049 337 2126 420 454

67 499 140 574 No.
156 502 271 574 5800.
568 595 571 602 γ
901 513 962 577 26.
977 503 1066 572 usa.
1122 519 1186 568 suo
1197 495 1318 568 labore
1333 496 1502 586 fruentes,
1523 498 1561 568 in
1577 495 1702 596 hyeme
1717 501 1838 579 minus
1853 506 1924 582 sint
1934 467 2119 595 sollicitae.

75 599 250 630 Μ
458 655 506 742 R
535 655 687 743 Ehem·
891 595 1063 628 Μ
1120 593 1295 691 Exempto
1312 599 1434 686 melle,
1453 599 1539 696 quia
1554 601 1790 678 domunculae
1805 609 1846 680 in
1861 613 2047 687 eximendo
2060 618 2121 692 la-

1123 713 1307 796 cerantur,
1346 701 1483 794 primus
1511 702 1613 774 labor
1634 720 1686 778 est
1708 708 1851 782 cellulas
1874 717 2034 806 relicere,
2070 717 2117 792 ad

143 795 403 936 ”gallilffiff‘
414 797 626 938 θῐῖἑξψξξῑῖὲ
640 797 727 925 ¹0¹ng-
739 797 1069 940 gbffiileggllfqub
1122 805 1220 897 quod
1237 826 1332 873 ceras
1347 816 1431 876 tunc
1445 803 1590 880 faciunt.
1642 810 1821 882 Domibus
1839 817 1993 904 relectis,
2016 823 2115 894 adfe-

176 934 227 990 191
241 953 302 1010 1³⁸8·
314 935 377 1004 ω,
396 945 423 990 st
474 946 496 991 Ι,
516 955 544 1006 p.
563 937 608 994 η,
1122 918 1210 976 runt
1231 929 1364 976 rorem:
1398 907 1456 976 cui
1472 907 1703 998 incubantes,
1736 937 1866 986 novam
1887 920 2115 1018 sobolemgi-

1122 1020 1252 1100 gaunt:
1290 1006 1373 1102 quia
1397 1009 1530 1079 multae
1551 1026 1700 1102 pereunt
1720 1014 1829 1086 variis
1858 1013 1887 1118 †
1909 1023 2023 1095 modis
2048 1017 2115 1098 ac''

1122 1109 1234 1182 malis.
1292 1107 1424 1180 Curam
1450 1109 1560 1202 igitur
1592 1117 1784 1207 quotannis
1817 1112 1950 1194 habent
1977 1128 2114 1215 generis

1121 1211 1371 1284 constituendi.
1422 1209 1548 1282 Postea
1565 1215 1676 1286 noval
1709 1219 1855 1290 cellulas
1879 1227 2114 1311 constituunt,

69 1297 118 1390 S.
138 1312 184 1390 D.
233 1307 504 1406 Philosophiam
520 1337 628 1404 apum
641 1313 708 1408 sipi
723 1316 847 1400 mitto,
868 1315 969 1386 cuins
982 1339 1068 1385 con·
1121 1325 1155 1383 et
1170 1337 1262 1382 nova
1280 1312 1480 1398 domicilia,
1512 1316 1668 1388 educunt
1684 1321 1841 1391 colonias
1857 1337 1892 1394 et
1906 1327 2042 1401 faciunt
2057 1355 2114 1402 ca.

72 1417 245 1488 sideratio
262 1430 298 1486 et
310 1417 386 1508 ipso
403 1415 509 1484 melle
527 1415 683 1502 dulcior,
704 1428 740 1486 et
753 1415 891 1488 illustre
909 1418 1069 1489 testimo·
1120 1438 1187 1484 ras.
1239 1412 1399 1516 Quarto,
1424 1416 1461 1485 in
1480 1415 1576 1508 Maio
1596 1419 1863 1496 florescentibus
1877 1429 1992 1518 pomis
2009 1433 2114 1503 colli·

70 1520 178 1592 nium
202 1530 270 1604 est,
303 1512 400 1598 hunc
424 1518 600 1596 mundum
623 1541 699 1588 non
723 1517 877 1596 extitisse
901 1542 1002 1604 casu,
1027 1543 1069 1588 ex
1120 1529 1210 1608 gunt
1224 1517 1364 1587 dulcem
1375 1541 1528 1604 succum,
1553 1513 1611 1590 hic
1625 1523 1782 1613 primum
1796 1525 2113 1620 incipitmellilica-

69 1621 271 1694 Democriti
284 1619 422 1694 atomis.
478 1618 687 1690 lnvocemus
703 1619 812 1710 igitur
824 1644 947 1692 verum
965 1621 1068 1693 illum
1120 1619 1182 1692 tio.
1234 1615 1345 1690 Recte
1362 1621 1471 1710 igitur
1485 1615 1693 1694 Aristoteles
1710 1628 1753 1696 de
1769 1623 1893 1700 Eliaco
1909 1645 1990 1702 ortu
2007 1633 2114 1707 intel-

71 1715 307 1794 architectum
326 1715 650 1814 pulcherrimorum
675 1731 821 1804 naturae
841 1747 1008 1816 operum,
1035 1736 1070 1793 et
1120 1721 1259 1811 ligitur:
1303 1715 1399 1820 †od
1422 1715 1494 1818 πρὸ
1521 1719 1702 1817 ἀνατολῆς
1732 1722 1905 1811 πλείαδος
1936 1729 2114 1833 γίνεσθαι

70 1824 254 1897 Ecclesiae
275 1824 517 1908 conditorem,
557 1835 691 1914 patrem
718 1837 902 1896 aeternum
922 1825 1069 1922 Domini
1120 1817 1252 1918 ps'td')
1276 1807 1499 1894 Mellilicatio
1515 1825 1635 1911 durat,
1657 1828 1769 1898 donec
1785 1823 1917 1903 habent
1929 1836 2102 1912 trifolium

71 1925 191 1998 nostri
218 1922 298 1996 lesu
312 1920 466 2008 Christi,
498 1938 538 1995 ut
561 1938 596 1996 et
612 1923 790 1998 Ecclesiae
811 1947 896 1998 suae
914 1927 1070 1997 alveolos
1123 1925 1252 2005 idest,
1284 1947 1395 2019 usque
1418 1921 1694 2016 adAngustum.
1745 1923 1847 2000 Nihil
1868 1929 1926 2004 hic
1950 1897 2119 2018 eximiturl

72 2043 109 2100 et
124 2039 245 2098 nostra
269 2027 429 2097 examina
453 2028 618 2098 defendat
643 2017 823 2106 et'servet.
875 2027 980 2098 Meus
993 2053 1070 2100 ma·
1122 2039 1196 2096 tota
1219 2038 1348 2096 aestate
1367 2027 1423 2096 vel
1445 2021 1591 2120 hyeme,
1624 2052 1734 2122 usque
1756 2033 1801 2102 ad
1819 2058 1967 2108 vernum
1992 2047 2115 2136 aequi.

75 2133 198 2222 gister,
223 2129 286 2226 qui
301 2153 359 2198 me
376 2131 421 2199 de
436 2129 563 2221 apibus
579 2129 692 2215 docet,
719 2143 753 2199 tc
767 2143 856 2216 orat,
877 2144 918 2202 ut
931 2152 1070 2201 mecum
1123 2128 1293 2197 noctium.
1345 2124 1388 2197 ln
1411 2122 1596 2198 Autumno
1622 2129 1718 2222 ipsae
1740 2157 1822 2223 apes
1845 2137 1935 2208 mira
1955 2157 2029 2212 arte
2051 2148 2117 2216 ob-

73 2233 114 2302 in
131 2233 243 2324 ipsam
260 2228 491 2301 Academiam
509 2254 617 2323 apum
632 2232 767 2301 venias.
817 2223 1072 2329 Iosephodia-
1124 2243 1267 2304 struunt
1286 2229 1461 2300 foramina
1480 2230 1673 2306 alveorum.
1724 2231 1918 2328 Praecipue
1940 2243 2118 2318 delectan-

72 2336 219 2406 lecticas
245 2334 399 2425 pagellas
419 2333 539 2404 mitto:
574 2345 609 2402 et
631 2346 719 2424 puto
742 2333 926 2425 paginam,
965 2357 1071 2427 quam
1124 2345 1184 2402 tur
1199 2343 1233 2400 et
1248 2330 1456 2402 alliciuntur
1473 2333 1581 2402 odore
1603 2335 1772 2406 melissae
1811 2337 1851 2410 Si
1868 2342 1948 2435 quis
1964 2345 2119 2425 alveolos

73 2435 185 2510 habet
199 2436 238 2506 in
256 2435 443 2521 manibus,
476 2434 646 2524 compleri
668 2457 769 2528 posse
783 2431 849 2506 hac
864 2428 1073 2530 προσθήκη.
1125 2445 1333 2524 conspergat
1355 2455 1447 2525 aqua
1468 2435 1645 2504 destillata
1663 2460 1704 2506 ex
1726 2439 1884 2529 melissa,
1917 2447 2121 2524 avidissime

72 2537 133 2610 Da
149 2537 323 2630 operam,
363 2550 405 2608 ut
426 2549 541 2608 totum
563 2559 653 2629 opus
682 2537 861 2630 reliquum
886 2538 1074 2610 condiatur
1125 2534 1294 2604 advolant
1318 2546 1352 2603 et
1373 2533 1548 2608 lambunt.
1600 2535 1684 2608 ldeo
1700 2536 1874 2632 Virgilius
1888 2545 1995 2632 dixit,
2017 2547 2122 2638 Trita

74 2639 271 2712 illecebris:
299 2639 445 2711 utsicut
459 2637 617 2730 apiculae
631 2639 771 2710 melissa
787 2639 999 2726 invitantur,
1024 2639 1074 2710 ita
1125 2629 1408 2732 lllelisphylla²).
1460 2634 1646 2725 sugantur
1659 2637 1860 2734 absynthio.
1892 2643 2037 2722 Habent
2054 2650 2122 2726 ho.

74 2767 145 2812 nos
161 2742 380 2814 iuventutem
399 2741 591 2810 invitemus
606 2741 776 2810 suavibus
790 2741 959 2815 materiis.
1126 2752 1213 2818 stes,
1245 2759 1389 2830 vespas,
1423 2737 1571 2826 culices,
1602 2740 1733 2828 tineas,
1770 2768 1900 2818 mures.
1957 2747 2007 2824 Et
2030 2757 2123 2833 mira

183 2842 364 2934 Scriptum
387 2845 432 2917 ad
447 2833 687 2936 Botemosq
707 2843 888 2914 absolvam
905 2843 1000 2914 intra
1016 2843 1075 2914 bi·
1126 2839 1338 2913 fortitudine
1358 2852 1509 2932 possunt
1530 2865 1649 2912 mures
1670 2842 1877 2922 interficere.
1937 2849 2026 2926 Fuci
2047 2883 2123 2930 110„

73 2949 209 3018 duum:
232 2943 506 3040 deindeSyuodi
520 2943 772 3022 refutationem
787 2938 978 3019 inchoabo.
1000 2943 1076 3015 De·
1127 2955 1257 3013 nocent
1280 2942 1348 3028 eis,
1380 2941 1451 3011 nisi
1470 2944 1671 3015 voracitate.
1722 2943 1793 3016 Sed
1809 2971 1937 3042 vespae
1958 2976 2124 3048 pungunt

73 3047 175 3120 crevi
192 3046 287 3116 enim
304 3045 507 3118 testimonia
523 3046 564 3116 in
582 3041 647 3118 hac
663 3039 824 3120 ἐπιτάσει
840 3047 1074 3118 certaminum
1127 3067 1195 3118 eas.
1250 3041 1386 3114 Vivunt
1408 3067 1491 3136 apes
1512 3045 1737 3132 octennium,
1771 3053 1991 3145 etamplius.
2049 3059 2123 3133 Nec

76 3152 207 3234 edere,
231 3149 276 3220 de
289 3149 396 3220 rebus
406 3149 502 3218 veris
522 3160 558 3217 et
577 3149 800 3236 necessariis,
826 3144 904 3224 Deo
919 3149 1076 3234 iuvante,
1125 3156 1272 3216 manent
1285 3147 1492 3232 incolumes,
1516 3170 1581 3217 nec
1591 3148 1740 3221 feliciter
1753 3150 2124 3255 laciuntoperasapud

73 3253 137 3322 vel
157 3251 188 3320 si
210 3250 281 3320 iam
301 3250 446 3345 tyranni
461 3249 610 3320 ferirent
628 3273 744 3320 meam
767 3252 952 3325 cervicem.
1002 3249 1077 3322 Nec
1128 3249 1280 3319 iniustos
1295 3271 1524 3342 possessores.

72 3378 137 3424 me
154 3355 308 3426 deterret
321 3351 431 3427 amici
442 3351 556 3426 nostri
568 3345 760 3422 Ioocbimi
772 3351 991 3424 sollicitudo:
1018 3353 1077 3426 cui

73 3457 227 3550 quidem
242 3469 327 3547 opto
340 3470 382 3528 ut
395 3454 442 3524 sit
458 3455 593 3536 beatus,
619 3467 655 3525 et
670 3454 928 3550 tranquillitate
941 3455 1077 3527 studio-

71 3583 161 3630 rum
177 3558 328 3628 sruatur.
374 3554 449 3630 Nos
463 3555 494 3626 si
509 3556 580 3626 iam
595 3568 805 3642 taceremus,
830 3558 1025 3628 deseruisse
1044 3570 1079 3628 et
1137 3539 1206 3614 ΝΟ·
1219 3539 1333 3614 3801·
1959 3557 2018 3618 27·
2035 3549 2124 3615 usa.

74 3659 251 3734 abiecisse
264 3679 406 3730 causam
421 3657 655 3730 necessariam
671 3657 920 3730 iudicaremur.
952 3659 1025 3732 Sed
1038 3659 1078 3728 in
1134 3637 1349 3672 Μ
1399 3682 1510 3772 Geor
1543 3693 1583 3769 io
1605 3685 1852 3775 Anhaltpno
1947 3639 2119 3670 Μ

75 3762 169 3856 ipsis
185 3761 433 3834 controversiis
448 3775 531 3832 sunt
547 3760 737 3852 quaedam,
762 3761 808 3830 de
824 3759 955 3852 quihus
971 3784 1079 3852 cupe-
1236 3827 1286 3881 Β,
1331 3828 1351 3882 ¹,
1508 3717 1541 3800 g
1753 3831 1760 3846 ,
1851 3756 1863 3779 ⁰

76 3887 162 3936 rem
185 3885 268 3934 cum
291 3862 413 3933 amicis
434 3861 602 3954 colloqui.
652 3858 761 3933 Mitto
783 3859 922 3954 Synodi
946 3863 1080 3934 oratio-
1260 3838 1322 3902 Μ’
1344 3829 1382 3890 '⁵'
1397 3831 1436 3886 ¹¹'
1450 3829 1550 3902 *⁸⁰²⁸
1567 3830 1622 3898 ‘⁶⁶'
1635 3831 1728 3892 Μ·
1741 3831 1791 3890 ¹¹⁵⁰
1806 3831 1840 3891 Π·
1855 3849 1899 3904 21’·
1915 3833 1996 3904 ¹⁹⁴⁰·

78 3957 244 4062 ΜΝ),
269 3964 308 4034 in
328 3965 459 4058 quibus
475 3963 586 4037 etilla
602 3976 673 4044 est,
707 3985 814 4058 quam
836 3957 877 4034 V
875 3962 949 4038 itus
964 3964 1080 4066 coepit
1269 3981 1325 4060 D,
1353 3980 1554 4084 (3007350
1580 3982 1754 4086 Psinciffl·
1776 3989 1817 4060 5„
1840 3984 1988 4063 Aulum

77 4068 277 4152 excudere,
308 4090 400 4162 quae
421 4087 465 4139 er
483 4061 551 4136 hoc
571 4060 760 4161 archetypo
784 4065 922 4140 absolvi
937 4067 1080 4156 poterit.

75 4171 132 4244 Et
149 4171 321 4240 addemus
367 4168 521 4238 ,melam
543 4161 625 4238 „32
738 4161 794 4243 ,ga
834 4161 897 4238 (pm
931 4167 989 4240 933
1016 4160 1081 4240 ού,
1131 4113 1174 4211 8
1201 4128 1247 4207 D.
1300 4132 1541 4209 lllustrissime
1563 4149 1597 4206 et
1618 4134 1928 4211 Reverendissime
1945 4139 2127 4242 Princeps,

341 4194 365 4263 q
588 4191 737 4266 prom
795 4192 815 4246 ς
898 4191 927 4262 φ
993 4193 1044 4262 ρ’
1130 4233 1386 4306 Difficillimam
1402 4237 1972 4326 essegubernationemllcclesiae
1988 4270 2128 4342 semper

79 4297 152 4367 σης
165 4265 346 4364 καθαρὰν
360 4265 617 4344 διδασκαλίαν.
647 4265 843 4340 Benevale.
869 4267 980 4340 Datae
996 4268 1081 4341 Ser-

77 4387 221 4458 vesne,
261 4373 333 4444 ns.
359 4371 422 4446 ss.
445 4369 588 4457 masi,
634 4395 706 4466 quo
729 4386 811 4443 ants
842 4393 955 4442 annos
982 4369 1078 4446 1514
1132 4339 1354 4408 ⁰¹¹¹¹¹0⁵'⁵³¹11
1377 4339 1618 4456 iudicarunt,
1642 4336 1693 4414 Et
1716 4336 1860 4413 Mvv'ses
1881 4345 2015 4442 inquit:
2049 4351 2129 4424 nisa·

77 4477 182 4548 filiu,
196 4473 267 4545 Dei
281 4475 321 4545 ᾖ]
338 4468 526 4567 „pulchro
541 4472 621 4546 fuit,
914 4509 918 4518 ,
1133 4447 1172 4510 tu
1186 4434 1294 4508 Deus
1316 4461 1382 4510 nos
1396 4463 1653 4538 praecesseras,
1687 4439 2002 4522 nonsducasnos.
2055 4451 2126 4527 Sed

1133 4542 1337 4612 consolatur
1350 4566 1430 4612 eum
1446 4542 1560 4630 Dens,
1592 4545 1778 4638 inquiens,
1809 4571 1846 4617 se
1860 4573 2125 4640 praecessurum

1133 4665 1217 4714 esse.
1267 4639 1317 4714 Et
1339 4641 1454 4715 lilius
1476 4641 1560 4718 Dei:
1598 4643 1876 4746 quimandin
1897 4673 1970 4738 ms,
2002 4662 2034 4723 et
2059 4677 2124 4752 ego

189 4695 407 4783 lnrtroverrs
429 4720 800 4801 carcasequmoctsum
821 4719 1080 4780 eximunturex
1133 4743 1173 4813 gn
1198 4768 1255 4831 ω’
1280 4745 1312 4816 55
1326 4738 1425 4844 sm,
1442 4745 1624 4845 copiosum
1640 4748 1821 4847 stadum·
1871 4747 1938 4822 His
1958 4759 2125 4830 ,11εῶνὶ-

76 4817 196 4886 alve1s
219 4808 326 4882 mella
348 4817 530 4928 superiore
551 4821 681 4881 aestate
698 4810 802 4884 facta.
852 4805 944 4909 Nam
963 4835 1001 4880 m
1023 4805 1080 4885 lus
1132 4847 1189 4918 nis
1204 4849 1500 4942 promissionibus
1515 4875 1617 4944 saepe
1631 4853 1831 4923 consolatus
1845 4877 1922 4929 sum
1940 4855 1978 4926 in
1992 4881 2016 4926 n
2018 4861 2124 4933 omis

74 4915 312 5004 ressl⁰¹¹lb¹¹³s
344 4911 516 5083 ‘q'ssss‘luld
537 4925 590 4984 111
608 4911 1080 5013 111-111111111111111111111111»
1132 4951 1317 5042 periculis,
1347 4950 1633 5038 difficultatibus,
1664 4968 1698 5025 et
1717 4955 1981 5032 certaminibus.
2031 4957 2122 5034 Cum

76 5015 357 5110 ²⁰l¹¹moell¹¹q⁰
374 5028 433 5085 ¹¹³
451 5011 614 5084 3¹¹³l⁹⁸l⁸
636 5013 675 5082 in
693 5009 832 5110 hyemi·
880 5009 1079 5125 ’1111111113
1130 5047 1650 5126 DoctoreN.collocutussum.
1689 5051 1824 5128 Multas
1839 5051 1946 5128 habet
1964 5058 2121 5144 virtutes,

77 5119 266 5192 eximitur.
330 5113 402 5190 Sffll
424 5117 568 5197 111111111ν
607 5115 1082 5209 11111111111111111111110111
1130 5131 1285 5224 seds'uas
1302 5155 1408 5226 etiam
1425 5158 1593 5250 quasdam
1610 5154 1753 5226 delicias
1770 5151 1893 5240 habet,
1927 5179 2123 5254 quassetas

1131 5257 1291 5347 corriget.
1343 5257 1454 5350 Spero
1478 5281 1520 5328 ex
1542 5251 1610 5328 hoc
1633 5258 1798 5347 negotio,
1832 5263 1877 5330 de
1896 5285 1968 5355 quo
1984 5265 2124 5358 scripsit

70 1055 301 1138 Clarissimo
318 1058 406 1147 viro,
431 1055 485 1130 D.
500 1053 564 1130 Pa
576 1057 627 1131 ul
633 1083 655 1132 ο
667 1055 709 1130 E
715 1059 842 1150 hero,
861 1061 988 1160 fratri
1001 1085 1069 1134 suo

255 1157 494 1248 charissimo,
519 1159 584 1235 καὶ
599 1158 891 1262 συμφιλοσόφῳ,

426 4601 600 4676 Ηῖεἱονία
619 4627 743 4701 opum.

76 5219 178 5292 fieri.
238 5217 323 5306 ldeo
339 5213 530 5304 bisbetum
546 5217 597 5290 eis
615 5215 850 5312 relinquitur,
881 5231 923 5294 ut
941 5219 1079 5312 integro

1138 5391 1345 5420 ''W-''¹¹⁸''

116 5451 149 5518 ⁸)
166 5447 228 5504 llos
240 5447 373 5520 scriptun
389 5444 601 5502 sorbamus.
938 5462 941 5471 ·
1022 5453 1028 5466 “
1166 5452 1193 5518 t)
1206 5411 1285 5504 'llaec
1294 5447 1375 5504 babet
1395 5448 1459 5504 cod.
1472 5445 1556 5503 Gotb.
1571 5448 1614 5510 28.
1727 5479 1734 5494 s

119 5531 172 5606 ¹³⁸)
191 5533 264 5588 Puto
272 5532 384 5590 schedas
395 5532 563 5591 audentius
568 5529 682 5624 pvblico
692 5531 810 5592 edenda
818 5532 861 5598 vel
874 5531 1078 5607 praelegendus.
1163 5533 1309 5605 2)Psuc.,
1329 5532 1413 5590 codd.
1429 5531 1514 5588 Goth.
1527 5531 1573 5590 28.
1591 5541 1619 5587 et
1633 5531 1712 5588 lobs
1742 5535 2123 5606 eamneesdpjaetstuae'.

1241 5601 1329 5683 29*
