4778 6258
221 397 289 470 131

222 567 289 639 No.
305 561 417 635 3459.

228 661 402 694 W

1083 561 1115 622 8.
1131 551 1218 616 Mais.

1082 649 1217 678 Nm

556 756 636 845 Gn.
666 756 885 842 Knutdio.

294 927 497 1053 Epistingl.
513 923 607 998 pass.
622 955 657 968 -
674 922 726 977 llic
742 940 771 975 ex
784 915 951 990 autographo
962 915 992 970 in
1004 912 1067 972 cod.
1081 901 1221 968 Moriar.

329 1019 355 1070 p,
423 1036 431 1052 ,
917 1013 927 1026 .

228 1137 390 1232 Clariss.
414 1155 510 1235 viro,
544 1150 599 1226 D.
627 1143 845 1220 Gnielmo
868 1137 1090 1220 Knuttel‚
1119 1128 1221 1208 Con-

227 1260 380 1335 siliarr’o
401 1282 445 1330 ac
468 1251 671 1327 Secretnrio
683 1245 870 1344 Principis
885 1239 1053 1315 Guielmi
1064 1234 1221 1314 Comitis

459 1352 711 1434 Nassoensis,
736 1375 804 1422 suo
817 1355 989 1446 patrono.

228 1499 272 1589 S·
298 1511 344 1589 D.
394 1507 651 1582 Existimabam
674 1501 741 1572 uni
757 1512 895 1570 tantum
912 1491 1071 1581 scholae,
1096 1493 1134 1562 in
1153 1516 1222 1586 qua

227 1622 349 1714 plures
373 1607 627 1682 adolescentuli
648 1600 888 1691 coniungendi
917 1611 1048 1682 essent,
1080 1619 1222 1690 praece-

165 1699 171 1713 ·
227 1735 366 1815 ptorem
390 1711 523 1808 quaeri.
575 1707 665 1778 lnde
681 1728 781 1774 error
795 1725 894 1770 meus
908 1713 1008 1770 ortus
1021 1712 1090 1783 est,
1115 1720 1223 1790 quem

227 1839 269 1894 ut
282 1815 374 1890 milri
388 1838 504 1885 comes
517 1835 582 1903 pro
598 1834 659 1878 sua
675 1803 895 1888 humanitate
911 1804 1100 1880 condonet,
1125 1822 1223 1887 rogo.

227 1923 297 2015 Egi
313 1945 394 1992 cum
410 1913 557 1986 Ioanne
572 1901 869 1995 salamenses),
894 1905 1054 1973 modesto
1071 1915 1104 1970 et
1119 1901 1222 1970 docto

227 2025 393 2107 homine,
424 2033 465 2088 ut
483 2040 519 2085 se
533 2015 578 2084 ad
593 2008 769 2081 Comitem
784 2003 1088 2098 Isenburgensem
1103 2000 1221 2070 conle-

225 2143 292 2202 rat.
343 2122 539 2193 Pollicetur
560 2113 686 2204 igitur,
716 2132 754 2178 se
774 2108 864 2178 istuc
887 2108 1127 2198 profecturum
1150 2124 1224 2171 esse

226 2235 322 2304 intra
338 2247 397 2295 ser
414 2216 666 2290 hebdomadas.
708 2209 814 2280 Prius
829 2210 924 2278 enim
941 2209 1094 2300 petenda
1108 2205 1140 2273 ei
1155 2202 1225 2274 fuit

227 2329 361 2426 patria,
388 2322 485 2418 quod
509 2314 681 2390 hactenus
705 2337 726 2384 a
746 2310 895 2394 Senatu!
903 2303 1141 2380 Saloeldensi
1160 2305 1221 2375 sti-

226 2430 402 2529 pendium
416 2420 594 2502 habuerit.
645 2413 700 2489 De
715 2413 877 2484 mercede
890 2407 982 2480 nihil
998 2422 1120 2503 pactus
1135 2431 1224 2476 sum.

227 2534 320 2607 Iussi
333 2551 413 2600 eum
429 2524 574 2594 relicere
588 2531 698 2590 totam
714 2539 788 2585 rem
804 2516 850 2584 ad
865 2514 1083 2584 voluntatem
1097 2504 1224 2578 buma-

225 2630 368 2709 nissimi
385 2624 547 2699 Comitis.
594 2619 674 2691 Hoc
692 2617 881 2688 consilium
895 2617 979 2684 dare
991 2613 1086 2684 soleo
1106 2608 1225 2680 omni-

225 2743 306 2821 bus,
333 2733 397 2826 qui
412 2728 583 2800 accedunt
595 2723 641 2794 ad
655 2719 841 2801 Dominos,
863 2741 1018 2810 quorum
1034 2709 1125 2784 mihi
1140 2723 1224 2780 nota

228 2855 282 2914 est
309 2831 516 2907 humanitas
544 2838 579 2896 et
599 2825 725 2896 virtus.
782 2818 1004 2890 Commendo
1027 2817 1135 2906 igitur
1158 2811 1238 2890 tibi¹

229 2960 373 3040 quoque
388 2931 484 3004 hunc
497 2924 529 3000 I
525 2949 691 2998 oannem.
742 2921 854 3014 Spero
873 2933 907 2992 et
922 2942 1055 3004 mores,
1080 2938 1170 3011 quos
1185 2912 1224 2980 in

229 3045 294 3122 tali
312 3051 413 3112 coetu
430 3031 597 3104 convenit
611 3051 685 3098 esse
702 3023 952 3110 sanctissimos,
977 3023 1053 3091 sore
1068 3039 1225 3088 commo·
1338 3103 1343 3111 ἠ

229 3153 295 3221 dos
315 3155 349 3213 et
362 3133 574 3230 probabiles,
589 3144 624 3200 et
639 3130 678 3196 in
695 3125 853 3196 docendo
869 3123 974 3192 fidem
991 3137 1025 3193 et
1039 3121 1226 3203 rationem,

229 3270 337 3346 quam
364 3261 436 3310 esse
461 3237 571 3305 decet.
620 3226 840 3300 Pronunciat
862 3239 941 3318 apte
963 3239 997 3298 et
1017 3224 1128 3308 clare,
1155 3243 1225 3313 qua

228 3355 270 3426 in
289 3371 329 3418 re
353 3355 389 3413 et
411 3351 538 3408 natura
551 3332 756 3413 adiuvatur,
780 3324 888 3398 habet
902 3327 999 3396 enim
1013 3348 1136 3395 vocem
1150 3344 1224 3390 non

230 3441 515 3539 vituperandam.
564 3429 613 3504 Et
637 3445 729 3503 amat
746 3427 922 3500 Musicen.
968 3424 1031 3499 ‘Ad
1047 3421 1132 3495 haec
1149 3447 1225 3492 non

231 3566 285 3627 est
306 3549 445 3620 alienus
465 3564 487 3609 a
500 3531 763 3608 Mathematicis
785 3531 922 3602 studiis.
975 3529 1083 3618 Quod
1103 3551 1144 3597 eo
1161 3524 1226 3596 ad-

232 3650 376 3744 scripsi,
391 3633 443 3714 ‘ut
458 3631 539 3711 cum
553 3637 599 3708 iis
615 3650 649 3705 te
665 3633 830 3704 delectari
845 3633 970 3717 sciam,
994 3626 1062 3700 hoc
1078 3627 1225 3698 nomine

230 3752 510 3829 bunciuvenem
525 3738 637 3828 magis
652 3734 895 3825 complectare.
931 3729 1030 3803 Bene
1043 3731 1133 3804 vale.
1171 3725 1224 3797 De

232 3855 376 3949 Repub.
402 3843 507 3919 vobis
527 3839 657 3912 'omnia
685 3836 826 3906 notiora
852 3847 953 3916 sunt,
983 3857 1091 3927 quam
1123 3826 1224 3903 mihi.

232 3959 320 4033 ldeo
338 3947 434 4026 nihil
446 3941 616 4036 adscripsi
630 3961 805 4010 novarum
819 3958 951 4008 rerum.
1001 3935 1035 4006 8.
1052 3931 1156 4004 Maii.

738 4033 929 4130 Philippus
945 4030 1174 4108 Melantbon.

242 4239 1226 4287 ...-—----------·

1068 4381 1127 4444 10.
1139 4371 1226 4438 Maii.

1054 4461 1226 4493 Μ

233 4397 302 4472 No.
327 4389 441 4466 0400.

239 4493 454 4530 W

575 4560 630 4648 Β.
658 4557 886 4646 Mttnobto.

302 4735 389 4810 Epio.
403 4729 451 4788 us.
464 4727 498 4784 11.
516 4745 545 4799 p.
557 4723 620 4786 sss.
640 4721 694 4792 (aa.
707 4721 798 4778 nona.
810 4719 847 4780 11.
862 4736 905 4790 ap.
919 4714 1005 4782 asos.

435 4884 492 4962 D.
515 4873 767 4958 Burcardo
790 4867 1032 5000 Mitdobio

234 5029 282 5122 S·
301 5043 346 5116 D.
378 5041 514 5114 Paucos
531 5037 606 5109 dies
620 5031 679 5104 bic
693 5041 931 5105 commoratus
946 5037 998 5095 est
1011 5015 1227 5095 Fridericns

235 5165 337 5232 tuus,
365 5145 467 5216 cuius
486 5153 584 5238 tanta
605 5135 716 5207 estin
738 5153 901 5204 sermone
923 5124 1077 5197 suavitas
1091 5139 1125 5197 et
1140 5149 1227 5218 pru.

237 5298 460 5321 W

270 5385 302 5456 *)
321 5385 436 5466 loannes
450 5373 602 5442 Reiobold,
624 5369 710 5491 ‘dael
719 5365 822 5489 Essaerpi
841 5355 1100 5488 illidh‘vssdffddl’a
1114 5361 1148 5416 de
1167 5380 1223 5447 quo

304 5436 869 5578 :tactas53:1²3·a.¹,·.r.d
887 5441 1222 5572 ,staff'ts‘tltll

306 5585 449 5647 moverit.

801 320 1241 466 urtsrona'nuu
1293 371 1476 450 mex.
1530 331 1671 446 1546.

2190 365 2263 438 152

1273 543 1412 628 dentia,
1436 556 1478 613 ut
1496 543 1630 613 diutius
1653 545 1729 614 eius
1746 539 2002 612 consuetudine
2018 537 2090 607 frui
2102 537 2266 630 optarim.

1268 643 1434 738 Reliquit
1449 659 1565 715 autern
1579 647 1673 735 apud
1687 668 1744 713 me
1759 665 1912 728 carmen,
1937 641 2113 731 specimen
2131 637 2267 728 ingenii

1270 747 1325 817 sui
1340 747 1518 836 egregium
1534 759 1570 817 et
1585 745 1733 835 dignum
1748 745 1862 828 laude,
1888 744 1984 847 quod
2002 742 2160 811 editurus
2174 765 2266 814 sum.

1270 847 1403 919 Petivit
1423 861 1572 918 autema
1587 871 1662 932 me,
1686 861 1728 916 ut
1744 847 1814 916 sibi
1832 845 2019 927 concedas,
2045 857 2085 914 ut
2098 843 2264 935 aliquan-

1271 949 1379 1040 tisper
1412 949 1451 1018 in
1484 944 1577 1018 hanc
1609 961 1766 1018 nostram
1792 943 2019 1016 Academiam
2046 946 2266 1034 commigret,

1269 1053 1335 1120 ubi
1361 1074 1397 1120 se
1427 1050 1603 1120 existimat
1629 1049 1779 1134 artium,
1811 1059 1849 1117 et
1870 1057 2035 1117 autorum
2059 1046 2268 1116 varietatem

1271 1147 1440 1222 maiorem
1456 1175 1556 1244 posse
1571 1173 1798 1240 cognoscere,
1824 1171 1929 1241 quam
1946 1148 2045 1220 alibi.
2080 1146 2119 1218 Si
2136 1149 2180 1216 ad
2198 1169 2265 1217 nos

1272 1254 1419 1338 venerit,
1442 1277 1519 1322 mea
1534 1253 1566 1322 ei
1581 1253 1697 1344 officia
1713 1275 1788 1320 non
1805 1251 1969 1320 defutura
1986 1261 2080 1318 sunt.
2119 1243 2167 1318 Et
2184 1249 2266 1318 talis

1272 1357 1383 1448 ipsius
1398 1368 1451 1426 est
1466 1369 1577 1439 aetas,
1601 1365 1644 1425 ut
1660 1375 1779 1443 regere
1797 1371 1930 1435 mores,
1953 1350 2169 1444 ubicumque
2186 1352 2266 1437 erit,

1272 1457 1401 1550 possit,
1435 1481 1500 1526 nec
1525 1467 1576 1524 est
1596 1455 1723 1525 inutile
1744 1454 1961 1523 discentibus
1975 1452 2170 1522 multorum
2184 1475 2267 1522 sen-

1271 1560 1399 1631 tentias
1424 1558 1463 1626 in
1478 1556 1627 1627 diversis
1638 1555 1726 1626 locis
1742 1556 1883 1652 audire,
1914 1567 1949 1622 et
1962 1576 2079 1622 secum
2094 1553 2267 1638 conlerre,

1272 1656 1369 1756 q'uod
1386 1661 1503 1756 ipsum
1520 1657 1728 1748 significavit
1743 1655 1926 1726 Homerus
1944 1655 2120 1748 inquiens,

1356 1776 1492 1839 Πολλῶν
1510 1767 1690 1858 ἀνθρώπων
1712 1769 1775 1836 i'dev
1797 1767 1893 1836 ἄστεα
1913 1769 1964 1832 nol
1986 1764 2059 1832 νόον
2081 1765 2166 1852 ἂνω.

1272 1875 1326 1947 De
1345 1891 1522 1948 conventu
1534 1869 1809 1945 Ratisbonense'
1819 1870 1912 1943 nibil
1928 1872 2162 1960 significatur,
2194 1874 2268 1942 nisi

1273 1967 1454 2049 Corolum
1470 1977 1599 2072 lmper.
1614 2000 1716 2067 aegre
1729 1979 1821 2048 ferre
1830 1974 2039 2065 Principum
2055 1975 2266 2056 absentiam,

1274 2083 1368 2176 quod
1385 2096 1477 2151 certe
1492 2093 1769 2150 consentaneum
1786 2091 1848 2151 est.
1892 2075 1966 2146 Nos
1979 2072 2096 2144 Deum
2112 2095 2269 2161 oremus,

1271 2197 1313 2254 ut
1329 2184 1402 2273 ipse
1433 2196 1548 2253 servet
1567 2180 1714 2252 Politias
1744 2194 1778 2251 et
1798 2176 1994 2263 Ecclesias,
2028 2189 2062 2246 et
2091 2179 2150 2249 det
2172 2173 2268 2248 hane

1272 2298 1426 2354 mentem
1449 2285 1635 2364 omnibus,
1663 2294 1704 2352 ut
1726 2281 1886 2352 tribuant
1901 2277 2042 2350 Caesari
2067 2304 2157 2371 quae
2181 2292 2269 2348 sunt

1272 2383 1451 2469 Caesaris,
1495 2401 1529 2455 et
1560 2383 1635 2455 Deo
1669 2406 1759 2478 quae
1791 2380 1860 2452 Dei
1891 2395 1985 2454 sunt.
2048 2377 2146 2452 Bene
2177 2381 2270 2450 vale.

1277 2487 1335 2558 10.
1353 2486 1457 2561 Maii.

1286 2851 1353 2922 No.
1373 2847 1486 2924 3461.

1279 2951 1493 2988 Μ

1557 3048 1614 3140 Α.
1644 3049 1981 3136 Lautertachr‘o.

1344 3211 1368 3284 †
1385 3209 1421 3264 Er
1435 3227 1530 3282 apogr.
1543 3210 1572 3262 in
1584 3208 1646 3266 cod.
1660 3207 1744 3292 Goth.
1760 3209 1819 3268 190.
1840 3229 1867 3282 p.
1882 3208 1941 3265 tto.

1268 3385 1271 3398 “
1314 3365 1523 3440 Antonio
1548 3359 1875 3449 Laeter-tart,
1907 3359 2063 3436 Pastori
2086 3361 2228 3439 Eccles.

1683 3458 1853 3538 Pirnens.

1274 3603 1319 3696 S.
1334 3617 1380 3690 D.
1419 3615 1566 3689 Utinam
1583 3617 1721 3708 saepius
1738 3631 1771 3688 et
1787 3615 1926 3707 copiose
1941 3629 2057 3687 tecum
2071 3639 2134 3708 per
2148 3617 2270 3686 literas
2378 3645 2379 3662 ¹

1276 3720 1434 3813 colloqui
1457 3743 1614 3811 possem,
1647 3713 1789 3786 Antoni
1814 3718 1953 3804 rariss,
1987 3719 2048 3786 sed
2074 3731 2192 3788 tantus
2217 3728 2273 3790 est

1276 3821 1547 3914 occupationum
1570 3821 1747 3890 variarum
1769 3843 1961 3889 concursus
1982 3819 2021 3887 in
2036 3831 2155 3890 nostra
2175 3815 2272 3888 Aca-

1276 3924 1412 4007 demia,
1435 3934 1478 3992 ut
1492 3923 1648 4012 profecto
1663 3944 1765 4011 saepe
1780 3921 1925 3993 liberari
1940 3920 2091 4010 cupiam.
2133 3915 2270 3990 Orabis
2378 4001 2379 4016 ἦ

1276 4040 1393 4100 autem
1414 4025 1554 4108 Deum,
1581 4034 1764 4092 aeternum
1784 4037 1920 4113 patrem
1943 4021 2082 4091 domini
2103 4019 2148 4095 N.
2170 4019 2198 4094 l.
2218 4019 2277 4106 C,

1277 4135 1325 4201 ut‘
1340 4149 1407 4198 nos
1428 4139 1524 4216 regat
1549 4136 1582 4192 et
1607 4125 1722 4207 iuvet,
1755 4135 1789 4191 et
1813 4123 1915 4192 dabis
1937 4123 2078 4193 veniam
2101 4123 2272 4195 brevitati
2378 4119 2379 4172 ἶ

1276 4233 1474 4301 literarum.
1522 4222 1578 4294 De
1593 4224 1775 4324 republica
1789 4217 1882 4292 nibil
1897 4222 1968 4292 scio
1982 4224 2131 4314 dignum
2145 4223 2275 4298 literis.
2378 4297 2379 4318 χ

1278 4322 1441 4403 Carolus
1463 4321 1669 4420 'Imperator
1698 4348 1799 4414 aegre
1827 4325 1897 4396 sert
1916 4325 2112 4396 absentiam
2133 4324 2271 4416 princi·
2378 4355 2379 4418 2

1278 4457 1377 4528 pum,
1395 4431 1440 4500 de
1453 4451 1607 4522 quorum
1622 4427 1780 4499 consiliis
1795 4421 1888 4496 nihil
1905 4450 1996 4518 opus
2010 4438 2061 4497 est
2074 4451 2130 4496 me
2145 4427 2273 4517 dispu-

1278 4553 1363 4609 tare.
1426 4527 1504 4620 Ego
1532 4531 1646 4599 donec
1671 4529 1812 4615 vivam,
1844 4527 1990 4598 iuvante
2012 4525 2108 4612 Deo,
2140 4528 2270 4598 sariam
2378 4527 2379 4530 ’

1279 4635 1429 4708 fideliter
1444 4654 1566 4723 operas
1581 4626 1824 4713 scholasticas,
1836 4652 1963 4722 meque
1976 4630 2186 4700 consolabor
2201 4625 2271 4700 hac
2378 4681 2379 4684 ,

1278 4762 1382 4809 voce:
1403 4758 1477 4803 non
1491 4731 1541 4802 sit
1556 4730 1684 4802 inanis
1700 4728 1809 4800 labor
1823 4738 1935 4800 vester
1947 4728 1987 4799 in
2001 4725 2162 4803 domino.
2193 4728 2273 4804 Re-

1277 4863 1360 4930 gum
1376 4849 1410 4907 et
1422 4835 1630 4928 Principum
1647 4833 1794 4904 consilia
1810 4831 1955 4922 fugiam.
1989 4830 2060 4902 Sed
2080 4834 2208 4918 orabo,
2230 4847 2274 4906 ut

1277 4943 1374 5012 Deus
1398 4961 1458 5009 eos
1481 4938 1665 5026 gubernet.
1714 4932 1786 5004 Pro
1802 4933 1906 5025 pisis,
1930 4955 2020 5026 quae
2039 4933 2180 5018 misisti,
2203 4957 2271 5023 ago

1277 5043 1422 5135 gratias,
1447 5052 1481 5110 et
1502 5036 1658 5107 vicissim
1675 5035 1777 5106 mitto
1796 5033 2066 5106 enarrationem
2078 5035 2210 5104 editam
2228 5032 2272 5103 in

1275 5139 1486 5217 Iohannem
1500 5131 1560 5238 ⁴¹),
1585 5139 1625 5206 in
1644 5161 1713 5230 qua
1732 5161 1833 5230 spero
1850 5137 1963 5207 multa
1979 5137 2047 5207 tibi
2066 5135 2197 5226 legenti
2211 5137 2270 5206 iu-

1276 5248 1393 5322 cunda
1408 5245 1496 5317 lore.
1547 5237 1647 5309 Bene
1666 5239 1754 5316 vale.
1792 5235 1860 5310 Die
1877 5235 1923 5314 X.
1943 5233 2044 5310 Maii.
2083 5235 2268 5312 Rescribe.

2045 5337 2087 5412 P.
2110 5337 2164 5412 Μ.

1274 5449 1483 5472 -ιι--ιή-Ι

1306 5557 1334 5630 *)
1353 5553 1496 5628 Croeigeri
1509 5552 1621 5609 nomine
1632 5550 1744 5607 editam.
