4682 6254
97 373 169 450 su
444 316 447 325 λ
683 371 1126 452 urrsronaeuu
1186 373 1553 455 s1a.x.1ssr.
2070 375 2147 455 aaa
2243 341 2245 348 ’

94 573 186 644 quae
202 548 339 622 occasio
347 549 454 624 luerit
464 549 688 622 discessionis
698 575 807 637 meae,
822 565 857 624 et
872 550 968 646 quod
983 545 1098 642 huc¹¹)
1142 543 1318 642 cultus·’³)
1333 563 1367 622 et
1381 535 1524 641 ignotus
1539 564 1654 623 terror
1670 575 1728 624 me
1744 548 1972 626 vehementer
1988 550 2142 643 exagita-

93 653 257 723 venerim
276 677 356 724 cum
375 653 510 722 familia
533 677 629 738 mea,
655 653 868 744 cognovisti,
895 654 924 722 si
942 653 1097 746 quidem,
1141 650 1204 724 vit.
1256 647 1356 741 Quid
1376 666 1526 724 statuam
1548 678 1693 746 prorsus
1715 680 1790 728 nou
1809 651 1937 730 habeo.
1987 651 2079 724 Nam
2100 653 2140 724 in

92 769 136 824 ut
168 779 291 847 spero,
329 756 444 827 nostri
469 755 661 825 familiares
693 752 811 827 isthuc
842 766 1095 848 pervenerunt.
1140 753 1292 844 patriam
1316 749 1464 836 devehi,
1498 759 1595 850 quod
1616 759 1762 845 vellem,
1794 759 1974 853 quomodo
2000 755 2138 826 familia

90 854 200 928 Nune
220 859 259 928 in
275 859 381 943 urbe,
407 871 449 928 ut
465 859 508 926 ad
525 882 623 944 spem
641 859 859 930 defensionis
874 857 996 928 omnia
1012 859 1096 928 sunt
1138 879 1235 941 mea,
1260 856 1304 926 de
1320 883 1389 952 qua
1403 860 1555 930 maxime
1569 861 1754 947 sollicitor,
1779 863 1903 954 possit,
1928 884 2002 930 nou
2020 858 2137 929 video.

90 960 322 1050 explicatiores
337 973 372 1030 et
389 959 586 1053 paratiora,
610 961 661 1030 ita
677 961 792 1031 maior
806 974 860 1031 est
874 960 1036 1044 miseria,
1060 975 1094 1032 et
1137 954 1320 1028 Dicuntur
1333 961 1440 1030 etiam
1456 959 1644 1034 Caesareae
1660 963 1782 1056 copiae
1796 963 1859 1033 illa
1875 966 1951 1034 loca
1968 976 2088 1033 tenere
2101 973 2136 1031 et

89 1063 276 1133 calamitas
291 1063 434 1154 gravior
450 1063 583 1132 civium
604 1063 700 1132 inter
716 1064 957 1134 munitionum
972 1075 1008 1132 et
1023 1061 1092 1130 mi·
1138 1081 1201 1148 per
1217 1083 1256 1130 ea
1279 1063 1448 1149 transire,
1481 1065 1642 1135 subsidio
1658 1061 1704 1161 ²⁴)
1728 1081 1897 1139 venturae
1912 1065 1994 1135 duci
2010 1057 2136 1132 Mnu-

88 1163 199 1234 litum
219 1165 361 1239 damna.
411 1160 513 1234 Nihil
527 1188 671 1257 possum
688 1167 733 1236 de
748 1159 806 1236 his
821 1165 974 1236 scribere
987 1189 1091 1257 prae·
1137 1157 1236 1234 tilio.
1286 1159 1407 1235 Etiam
1432 1161 1663 1237 exBohemia
1688 1161 1880 1267 †magnae
1902 1163 2048 1259 copiae''
2069 1169 2134 1236 ad-

87 1279 200 1340 terea.
252 1265 487 1338 Vincit-enim
504 1291 559 1338 res
576 1269 692 1338 omnis
707 1267 921 1340 narrationis
936 1262 977 1362 ¹²)
994 1279 1092 1338 atro·
1135 1262 1218 1333 duci
1239 1265 1368 1338 ierunt.
1421 1265 1464 1336 ln
1488 1262 1545 1338 his
1566 1269 1676 1360 igitur
1693 1270 1837 1342 latebris
1854 1255 1916 1368 ²⁵),
1940 1269 2133 1339 donecde-

88 1369 255 1455 citatem,
281 1383 315 1440 et
328 1365 531 1464 Sylvester,
557 1394 637 1441 cum
652 1369 795 1462 Lipsiae
811 1370 933 1454 luerit,
958 1371 1090 1438 referre
1134 1365 1266 1437 saeviat
1279 1368 1466 1459 paululum
1483 1364 1611 1465 †haec
1627 1371 1831 1463 tempestas”
1846 1373 1940 1464 apud
1956 1369 2132 1461 optimum

87 1473 241 1562 poterit,
274 1495 364 1566 quae
387 1473 462 1564 ipse
484 1472 576 1543 vidit
598 1496 638 1542 ae
660 1473 810 1549 audivit.
861 1465 1090 1542 Franciscus
1133 1467 1331 1561 principem
1358 1463 1572 1569 ·)·συνει’λας
1587 1470 1752 1566 ἐμαυτὸν
1767 1468 1808 1570 ”)
1826 1468 2023 1567 dtuparoi'2
2058 1470 2130 1543 Sed

85 1565 336 1668 Crnmius¹⁵),
358 1575 415 1644 vir
431 1575 596 1666 optimus,
622 1577 717 1666 apn'd
733 1573 931 1670 principem
945 1574 984 1643 in
999 1575 1090 1645 urbe
1134 1573 1277 1663 quando
1294 1568 1439 1646 eritlroc
1455 1576 1616 1666 tempus?
1640 1573 1720 1647 Hoc
1731 1576 1902 1647 nimirum
1919 1575 2129 1669 permitten-

86 1689 144 1746 est
161 1671 204 1772 Ι’)
228 1700 248 1746 a
274 1701 346 1772 quo
367 1672 445 1746 heri
471 1676 590 1747 literas
612 1677 730 1769 accepi
758 1673 905 1748 honeste
929 1677 1086 1768 scriptas.
1133 1674 1218 1742 dum
1242 1671 1318 1744 Deo
1343 1687 1407 1748 est.
1457 1673 1548 1746 Heri
1571 1680 1763 1768 putabatur
1784 1678 1921 1773 aliquid
1946 1676 2128 1770 copiarum

85 1777 163 1850 Sed
188 1774 348 1850 honestis
371 1779 528 1850 consiliis
551 1780 650 1848 locus
677 1803 795 1876 neque
820 1793 920 1851 autea
944 1779 1089 1850 relictus
1133 1769 1203 1844 huc
1217 1788 1407 1848 venturum
1425 1802 1516 1865 esse,
1548 1782 1609 1850 sed
1626 1784 1806 1852 traductae
1820 1781 1989 1852 dicuntur
2005 1802 2128 1850 omnes

85 1883 176 1966 fuit,
212 1906 327 1976 neque
350 1882 541 1952 nunciare
563 1880 789 1976 relinquitur.
841 1880 941 1952 Idem
964 1882 1008 1952 ad
1032 1905 1088 1950 me
1133 1877 1173 1944 in
1186 1875 1337 1953 Salinas.
1374 1877 1484 1951 Latae
1497 1895 1613 1952 antem
1630 1897 1714 1954 sunt
1728 1883 1968 1968 conditiones,
1992 1880 2129 1975 dequi-

86 1984 289 2060 transmisit
310 1985 431 2054 literas
452 1975 713 2078 Landgravia',
747 1985 877 2079 quibus
899 1983 1088 2075 respondet
1133 1979 1201 2048 lius
1222 1995 1257 2052 et
1279 1980 1409 2051 deinde
1429 1985 1472 2051 de
1494 1985 1599 2053 nobis
1617 1987 1703 2078 quid
1725 1986 1887 2056 luturum
1905 1985 1971 2070 sit,
1995 1984 2125 2056 nescio.

86 2087 173 2160 tuis.
239 2081 396 2157 Additae
419 2098 520 2157 erant
542 2100 575 2157 et
594 2081 632 2180 ¹⁸)
657 2087 786 2157 alterae
817 2087 861 2157 ad
883 2085 1087 2178 Principem
1134 2076 1304 2174 Optimus
1320 2083 1484 2176 princeps
1494 2079 1678 2182 Georgius
1694 2087 1898 2177 ingentibus
1913 2087 2007 2158 curis
2021 2086 2127 2178 plane

86 2182 307 2284 Georgium,
330 2213 479 2284 quarum
495 2188 695 2281 exemplum
709 2189 919 2260 inclusimus
934 2184 991 2258 his
1006 2188 1088 2258 lite·
1133 2183 1339 2270 conficitur,
1372 2201 1404 2256 et
1422 2211 1483 2258 sua
1499 2189 1717 2279 benignitate
1733 2192 1819 2260 dum
1838 2183 2009 2284 prodesse⁴
2019 2212 2126 2282 quam

87 2293 151 2362 ris.
207 2289 318 2372 Tuas,
338 2293 508 2362 dubitans
524 2292 769 2362 sanemultum
783 2315 823 2362 ac
841 2291 915 2376 diu,
938 2313 995 2360 me
1007 2304 1088 2361 tan·
1132 2284 1297 2376 plurimis
1314 2283 1356 2384 ²⁷)
1371 2291 1507 2376 studet,
1528 2287 1729 2388 †magnis''
1741 2293 1908 2384 periculis
1921 2315 1995 2361 sese
2008 2289 2126 2360 invol-

88 2396 174 2464 dem
198 2389 407 2464 cohortante
427 2387 490 2492 ¹⁸),
524 2393 717 2485 resignavit
738 2393 919 2486 princeps,
950 2407 984 2465 et
1006 2417 1088 2484 per·
1131 2387 1195 2459 vll.
1237 2385 1430 2460 Nonenlm
1446 2393 1879 2480 eslnuncullttsvlrlttli,
1901 2389 2127 2480 humanitati,

88 2521 197 2590 quarn
223 2495 372 2566 sollicite
389 2496 571 2565 mandavit
588 2489 697 2581 mihi,
728 2511 769 2568 ut
790 2491 1005 2566 hociactum
1025 2519 1087 2564 ex·
1131 2490 1368 2562 moderationi
1398 2494 1511 2566 locus.
1567 2493 1707 2567 Literas
1735 2497 1833 2568 misit
1860 2499 1904 2568 ad
1934 2510 2126 2590 utrumque

90 2623 252 2670 cessarem
270 2599 382 2668 literis
402 2599 503 2671 meis.
553 2595 622 2667 Cui
636 2598 781 2692 quidem
798 2597 893 2683 dixi,
918 2621 975 2668 me
990 2596 1087 2668 arbi·
1131 2591 1348 2685 principem,
1374 2619 1461 2690 quas
1475 2598 1513 2665 in
1529 2621 1635 2692 quam
1648 2611 1785 2691 partem
1800 2599 1977 2691 accepturi
1991 2593 2127 2694 sint²')‚

87 2703 197 2787 trari,
229 2701 307 2770 uisi
327 2700 458 2772 sactum
481 2696 548 2770 hoe
571 2701 713 2786 fuisset,
752 2712 787 2770 te
809 2701 956 2771 moleste
978 2699 1086 2771 fuisse
1132 2717 1215 2764 sane
1232 2719 1407 2773 veremur.
1444 2695 1519 2773 Nos
1531 2695 1649 2770 adhuc
1663 2697 1756 2770 inter
1770 2715 1842 2772 tam
1857 2703 2054 2772 multorum
2071 2703 2125 2770 af-

88 2805 269 2888 laturum,
301 2795 415 2897 'atque
438 2801 588 2874 omnino
611 2801 829 2890 existimare,
861 2802 1086 2874 excusatione
1131 2795 1305 2868 llictiones
1323 2813 1358 2872 et
1381 2799 1419 2869 in
1436 2801 1580 2894 publica
1602 2804 1755 2898 quadam
1777 2803 1877 2873 clade
1892 2804 2044 2896 protexit
2060 2804 2126 2872 be-

88 2907 185 2997 apud
200 2919 237 2976 te
249 2929 325 2976 non
340 2929 449 2997 egere.
495 2903 557 2975 Me
573 2904 824 2997 contemplatio
839 2918 911 2976 tam
927 2900 1086 2976 borribi-
1131 2894 1297 2993 nigne²')
1321 2901 1442 2984 Deus,
1468 2927 1557 3000 quos
1574 2899 1740 3000 etiam³?)
1760 2900 1903 2997 posthac
1923 2905 2126 2976 misericor-

90 3010 135 3078 lis
150 3010 226 3078 irae
245 3008 407 3094 divinae,
433 3009 623 3098 grassaruis
637 3005 678 3106 17)
702 3008 817 3079 indies
832 3007 955 3094 latius,
979 3021 1014 3079 et
1028 3031 1087 3079 re-
1132 3001 1191 3072 dia
1207 3025 1269 3073 sua
1282 3005 1510 3076 defensurum
1528 3030 1612 3089 esse,
1632 3019 1804 3103 quantum
1818 3031 1960 3100 possum
1971 3009 2126 3093 conlido,

89 3125 231 3205 spectus
247 3135 427 3197 meorum,
461 3125 495 3181 et
512 3126 625 3182 metus
643 3107 880 3202 praesentium
894 3124 999 3205 atque
1017 3111 1087 3180 im·
1132 3119 1166 3176 et
1183 3127 1248 3196 ago
1265 3105 1298 3175 ei
1314 3101 1355 3205 ³¹)
1372 3107 1635 3204 qualescunque
1652 3109 1780 3200 gratias
1794 3133 1874 3180 cum
1890 3109 1998 3194 meis,
2021 3125 2055 3181 et
2071 3110 2126 3179 illi

86 3213 327 3308 pendentium
350 3213 495 3305 insuper
513 3213 753 3306 periculorum
776 3213 924 3284 mirifice
948 3227 1088 3306 pertur-
1132 3210 1343 3279 commendo
1365 3211 1639 3304 rempublicam,
1673 3213 1732 3282 cui
1759 3212 1896 3283 utinam
1927 3235 2065 3304 possem
2081 3208 2126 3310 ³²)

90 3312 223 3413 bat¹⁸),
247 3317 478 3410 atquesentio
495 3317 947 3400 motusinterdum'animi,
965 3317 1087 3410 quales
1131 3310 1209 3401 opis
1225 3311 1361 3406 aliquid
1377 3313 1514 3384 adferre
1531 3315 1678 3386 interitu
1693 3339 1783 3384 meo.
1826 3309 1927 3384 Nihil
1942 3315 2015 3386 lere
2029 3318 2125 3410 quod

87 3421 241 3490 minime
262 3417 409 3500 vellem,
442 3418 621 3490 interdum
645 3435 853 3494 consternor
874 3419 1086 3490 couscientia
1131 3411 1321 3483 scriberem
1331 3415 1690 3508 ampliusinmentem
1700 3410 1973 3490 mihiveniebat.
1991 3415 2128 3488 Trans·

91 3514 376 3619 ἁμαρτημάτων
394 3517 436 3616 ’““’)
457 3545 497 3592 τε
520 3515 585 3593 καὶ
605 3514 942 3617 παραπτωμάτων,
978 3537 1011 3593 et
1033 3535 1087 3592 ta·
1132 3513 1200 3586 ibit
1216 3509 1402 3610 Sylvester
1422 3533 1500 3591 tuas
1520 3521 1638 3612 copias
1654 3515 1845 3605 Electoris3
1873 3515 1986 3601 nihil,
2012 3543 2127 3612 spero,

91 3649 176 3704 men
192 3621 239 3719 ²⁰)
264 3637 443 3710 sustento,
473 3638 516 3695 ut
532 3645 694 3714 pomum
725 3637 830 3718 teque
847 3647 929 3710 oro,
954 3638 997 3696 ut
1018 3625 1088 3696 tuis
1132 3617 1167 3687 ei
1179 3619 1328 3709 periculi
1345 3619 1442 3708 lore,
1473 3621 1538 3692 etsi
1554 3647 1574 3692 a
1592 3621 1740 3692 militari
1756 3645 1865 3693 manu
1881 3618 1949 3693 boc
1969 3635 2127 3712 tempore

92 3725 322 3798 sanctissimis
340 3727 503 3818 precibus
524 3727 750 3796 commendes
764 3739 922 3796 nostram
938 3728 1086 3798 salutem
1132 3720 1255 3790 omnia
1277 3734 1360 3792 sunt
1382 3724 1584 3794 metuenda.
1635 3721 1724 3793 Vale
1746 3723 1796 3792 mi
1818 3724 2023 3794 suavissime
2038 3721 2128 3794 Phi·

89 3827 257 3914 Christo,
287 3824 448 3923 mihique
470 3828 611 3897 veniam
636 3829 714 3914 des,
753 3830 851 3922 qnod
876 3827 953 3898 sine
977 3829 1087 3900 dubio
1132 3821 1239 3912 lippe.
1270 3819 1399 3894 Nostra
1415 3824 1550 3895 familia
1568 3839 1602 3896 te
1618 3839 1652 3898 et
1665 3838 1747 3897 tuos
1761 3826 1902 3899 salutat.
1925 3819 2129 3913 Bornerus,

92 3933 254 4004 dolorem
273 3945 374 4002 tuum
392 3953 501 4021 augeo
519 3922 637 4024 ταύτῃ
653 3933 701 4024 τῇ
722 3922 952 4030 ὁμολογήσει,
1004 3929 1087 4002 Mea
1123 3923 1190 3991 =vir
1205 3924 1362 4016 optimus
1376 3939 1412 3995 et
1427 3927 1566 4018 pietatis
1582 3952 1623 3997 ac
1637 3928 1838 3998 studiorum
1853 3927 2128 4014 amantissimus,

92 4037 164 4106 sive
179 4037 263 4124 suga
274 4035 348 4104 sive
363 4033 529 4104 discessio
546 4035 626 4102 data
636 4047 688 4104 est
700 4033 856 4103 familiae
870 4057 981 4119 meae,
998 4057 1088 4128 quo·
1133 4026 1318 4096 mirificam
1334 4051 1476 4118 operam
1492 4027 1759 4121 navatLipsiae,
1781 4051 1887 4123 quem
1904 4023 2128 4100 hocnomlsse

90 4137 172 4209 ruin
187 4137 410 4230 perculsione
425 4135 654 4207 molliebatur
669 4134 812 4208 animus
827 4131 891 4228 ¹¹),
920 4129 1011 4216 clieta
1026 4159 1089 4208 ns·
1134 4150 1153 4198 a
1170 4140 1203 4197 le
1218 4130 1330 4220 magis
1354 4123 1528 4229 †etiam”
1541 4153 1647 4226 quam
1662 4143 1764 4200 antea
1780 4131 1891 4201 amari
1905 4131 2022 4224 cupio.
2054 4129 2129 4206 Da-

92 4243 170 4312 σεῖν
187 4233 304 4312 ἐνίοτε
321 4233 424 4336 παρὰ
440 4233 563 4312 ποσίν.
1133 4241 1189 4300 tae
1213 4229 1419 4325 Mersburgi
1442 4233 1500 4304 die
1523 4234 1559 4308 2.
1584 4231 1760 4318 ianuarii,
1797 4255 1892 4305 anno
1916 4233 2130 4306 instauratae

194 4341 265 4414 Sed
284 4355 318 4412 et
332 4337 376 4438 ²²)
398 4341 467 4412 alia
484 4336 575 4410 mihi
590 4341 770 4432 ingentem
786 4341 1016 4412 formidinem
1031 4340 1089 4410 in.
1133 4333 1257 4404 salutis
1276 4333 1387 4409 1547.
1508 4327 1815 4433 †T.10achimus
1831 4333 2083 4409 camerarius*

92 4443 280 4529 iieiebant,
312 4447 356 4516 de
378 4444 509 4540 quibus
524 4443 752 4515 scribendum
772 4457 937 4529 nonest,
971 4456 1006 4514 et
1028 4467 1088 4514 oc-

95 4551 323 4566 *uu-n*—

130 4593 172 4660 ll)
193 4591 246 4644 aaa
260 4607 315 4644 non
329 4589 408 4644 babet
422 4587 483 4644 cod.
498 4587 578 4644 Mon.
588 4589 632 4646 88.
650 4587 1018 4664 ·lnlelligitllleraeburgum,
1032 4607 1087 4662 quo
1166 4557 1213 4626 ”l
1233 4569 1261 4614 ‘l
1275 4561 1400 4616 ‘mmm
1411 4559 1441 4614 3¹¹
1460 4559 1522 4616 ωδ·
1537 4559 1618 4616 Ml'n·
1633 4559 1677 4616 ⁸⁸·
1691 4561 1882 4616 ‘¹²³l‘l‘m'l'l'
1884 4593 1892 4610 ⁸

162 4677 191 4714 ae
201 4659 356 4714 contulerat
372 4657 553 4714 Camerarius.
1167 4644 1214 4710 21)
1234 4643 1304 4701 Cod.
1322 4643 1405 4700 Mon.
1420 4644 1467 4701 88.
1478 4647 1582 4703 subito.

129 4747 173 4816 tt]
191 4745 263 4804 cot.
278 4743 358 4802 Mon.
370 4743 412 4800 88.
429 4745 560 4798 omnium
575 4745 792 4801 narrationum.
1170 4727 1218 4790 25)
1240 4726 1329 4784 Msnl·
1340 4729 1451 4784 latebis·

130 4830 177 4899 η)
198 4827 270 4884 cod,
284 4827 365 4884 Mon,
378 4828 420 4882 88,
436 4827 606 4882 crammtm,
863 4871 867 4886 ,
1169 4811 1220 4882 te)
1237 4811 1307 4870 cod.
1315 4811 1597 4872 Mon.88.mendose:
1609 4811 1892 4886 msaleclparr.-
1910 4813 2032 4870 Manlius
2040 4835 2135 4887 graeca

129 4917 173 4988 ll)
190 4917 209 4973 i.
224 4936 248 4972 e.
261 4914 367 4987 Lipsiae
380 4915 452 4988 apud
466 4913 630 4968 Mauritium
645 4911 764 4968 Ducem.
1204 4881 1397 4949 l’ml‘fmhll·
1556 4969 1562 4984 .
1597 4971 1605 4986 1
1950 4973 1956 4988 ⁸

131 5001 176 5069 15)
194 5009 224 5056 et
237 5001 341 5056 abacta
357 4999 420 5056 cod.
438 4999 515 5054 Mon.
529 4998 571 5053 88.
1169 4964 1215 5030 ²⁷l
1231 4983 1268 5033 ΡΓ
1269 4969 1368 5021 0118330
1380 4985 1467 5037 quam
1480 4971 1627 5038 plurumae]
1641 4967 1728 5022 Manl.
1744 4979 1873 5023 avertere
1889 4973 2026 5038 peracuto.
2063 4970 2136 5026 For.

133 5085 176 5156 15)
195 5084 256 5141 cod
281 5083 361 5139 Mon·
376 5085 420 5138 30·
435 5085 578 5136 hortum·
1204 5043 1274 5156 tatae¹
1287 5035 1420 5107 scriptum
1435 5037 1501 5119 luite
1519 5039 1584 5092 dam
1599 5039 1726 5120 prodesse
1741 5057 1769 5110 q.
1779 5037 1904 5122 plurimis
1911 5051 1938 5094 et
1952 5051 2074 5094 averem
2085 5059 2135 5123 pf..

132 5169 176 5239 ¹⁷>
196 5128 267 5224 ⁰0³3
281 5166 579 5236 s„„.a.,„„,„„-‚.
1204 5105 2138 5250 tutansluteasttaztetttaunttta1:22¹·

133 5253 176 5325 18)
193 5251 282 5308 ntmt
296 5256 479 5321 perturbant.
1169 5259 1221 5328 28)
1239 5257 1330 5315 Mani.
1345 5262 1419 5316 ane.

132 5343 178 5410 te)
197 5339 268 5398 cod.
282 5339 364 5397 Mon.
376 5340 422 5397 88.
440 5336 563 5414 ἁμαρτῇ.
1171 5341 1218 5408 29)
1238 5343 1368 5412 benigne]
1382 5343 1470 5398 iliani.
1488 5347 1607 5414 quidem.

129 5429 176 5496 20)
193 5425 330 5481 Eacidiaae
345 5424 468 5478 videtur:
494 5443 549 5476 me.
1172 5425 1218 5496 80)
1235 5444 1305 5494 quos
1319 5429 1420 5494 ettam]
1430 5428 1495 5482 cod.
1508 5429 1587 5484 Mon.
1597 5429 1641 5486 88.
1648 5447 1729 5499 quem
1743 5441 1779 5486 el.

130 5515 178 5583 21)
199 5510 267 5568 eod.
285 5508 365 5564 Mon.
379 5509 421 5562 88.
439 5507 530 5564 addit:
557 5525 645 5563 meua.
1172 5515 1219 5581 et)
1238 5513 1276 5578 ei]
1288 5511 1351 5568 cod.
1365 5513 1447 5568 Men.
1458 5514 1501 5573 88.
1520 5517 1593 5570 lauis.

130 5599 176 5668 Β)
195 5603 237 5666 et]
252 5593 339 5650 Mani.
355 5602 402 5666 te,
421 5591 561 5649 narndoae.
1032 5585 1036 5596 ’
1175 5595 1222 5666 81)
1241 5595 1330 5651 Mani.
1340 5599 1457 5664 possim
