4778 6258
735 321 1006 402 ANNALES
1040 320 1221 400 vtTAn
1254 258 1383 404 Mlti.
1437 322 1565 404 15⁴7.
1668 363 1674 372 ·

167 441 234 614 ἓξ
273 535 464 599 Herrucnnus
479 535 625 620 Archlep.
644 535 753 604 ectcn.
769 560 800 602 sc
815 541 989 621 episcopetu
1005 535 1130 600 abdicat.
1235 509 1238 522 .

168 669 232 732 27.
267 654 339 719 Met.
356 669 400 717 est
417 655 515 717 edhuc
533 651 696 717 Serrcstue.

12 735 14 768 μ
142 779 234 840 Febr.

200 887 232 952 5.
267 869 335 940 Rex
347 871 466 936 Decies
481 878 553 944 200
570 868 768 934 loachimicor
783 872 863 934 douc
881 877 1000 938 miserat
1015 869 1227 956 Bugenhagio,
1245 825 1374 936 Lutberi
1388 871 1495 934 viduae
1510 881 1540 934 et
1555 867 1755 954 lllelsutbcni,
1781 873 1959 958 proquibus
1974 868 2047 938 Mel.
2063 879 2170 958 grados

316 979 378 1058 egit
396 989 425 1038 et
440 977 597 1064 historiam
614 976 685 1036 betti
700 989 808 1038 nauus.

124 1102 230 1158 5-10.
264 1089 322 1154 His
342 1091 405 1154 fere
426 1091 530 1154 diebus
552 1103 596 1156 cst
613 1088 839 1176 Wittebergee,
864 1093 918 1152 ubi
938 1093 1055 1173 scripsit
1071 1091 1110 1154 od
1127 1085 1273 1154 Ioannem
1287 1089 1473 1156 Fridericum
1487 1089 1657 1156 Electorem
1672 1113 1801 1178 eumque
1814 1091 1994 1180 admonuit,
2016 1107 2051 1160 ut
2064 1115 2168 1180 pacem

317 1193 437 1258 laceret.
458 1263 461 1269 .
488 1191 578 1272 (Vid.
596 1215 644 1278 ep.
659 1194 690 1254 d·
707 1199 765 1260 ts.
780 1193 867 1256 Febr.
884 1193 922 1256 ad
940 1189 1051 1276 Georg.
1069 1190 1214 1276 Aubult.)
1233 1185 1290 1242 ’-
1339 1191 1443 1261 Rediit
1457 1192 1636 1260 Servestem.

168 1322 230 1386 17.
263 1307 400 1374 Vocatur
415 1305 489 1372 Mel.
504 1304 692 1376 alcachimc
706 1309 845 1396 priucipe
859 1309 985 1374 Auhclt.
1001 1314 1034 1374 in
1050 1312 1199 1398 oppidum
1212 1308 1348 1374 Ktitlren.
1399 1310 1533 1378 Pertcxlt
1547 1316 1684 1376 ultimam
1701 1325 1816 1398 partem
1829 1313 2007 1378 dialectices.
2062 1353 2067 1364 ·
2084 1357 2087 1366 ·
2108 1361 2110 1366 -

168 1439 230 1501 19.
263 1425 391 1496 Senatus
406 1425 665 1512 Norlmbcrgeosic
681 1425 871 1494 Melanthuui
886 1445 917 1492 et
932 1425 1102 1493 Gsmsrurio
1115 1436 1226 1496 iterum
1238 1433 1406 1515 hospitium
1422 1433 1577 1494 obtulerat.

166 1557 229 1618 23.
262 1543 333 1607 illel.
352 1549 458 1626 gratias
472 1549 534 1628 agit
548 1543 673 1612 Senatui
686 1545 940 1628 Norimbcrgensi.
1359 1539 1361 1548 ⁴

162 1671 226 1733 26.
263 1659 396 1724 Moritur
409 1661 520 1742 Accu,
545 1666 605 1726 filiu
619 1661 713 1741 illel,
740 1685 818 1727 uxor
832 1661 956 1745 Sebini,
978 1663 1185 1750 Regicmunti.

167 1797 227 1845 nri.

133 1781 167 1846 Μ
194 1891 225 1952 1.
262 1877 402 1962 Princeps
420 1877 541 1942 Elector
556 1885 658 1960 iubet,
685 1896 718 1944 ut
733 1879 915 1946 Academiae
930 1883 1066 1948 doctores
1082 1890 1192 1980 iterum
1206 1884 1326 1946 redeant
1342 1863 1564 1964 Wittebergem
1578 1896 1608 1944 et
1623 1881 1758 1946 doomnt.

193 2011 227 2072 2.
260 1993 458 2076 subintulit,
486 2000 567 2081 epod
581 1996 806 2060 Melanthonem
822 2013 952 2078 versata,
980 2002 1056 2064 febri
1068 2007 1192 2066 laboret.
1257 2016 1260 2024 ’
1290 2049 1292 2056 .

192 2127 226 2187 8.
260 2112 421 2180 Decretum
435 2115 544 2196 synodi
559 2113 753 2196 Tridentinae
766 2119 803 2182 de
817 2115 1025 2184 Secrcnteutic.

260 2229 404 2314 Princeps
422 2229 542 2294 Elector
556 2237 657 2314 copies
671 2231 791 2296 Alberti
806 2234 989 2330 Merchionis
1005 2240 1042 2300 cd
1057 2239 1205 2321 oppidum
1218 2233 1361 2300 Rcchlitz
1377 2239 1410 2298 in
1424 2236 1528 2315 fugem
1544 2235 1676 2296 coniicit.
1728 2228 1871 2296 Albertus
1885 2239 2009 2320 cupitur.

188 2357 223 2418 7.
261 2345 427 2410 Absoluta!
442 2362 486 2410 θεῖ
502 2351 578 2410 liber
594 2347 689 2412 Manli
703 2363 761 2418 tou
779 2353 827 2417 tu
843 2349 1029 2434 biulbmtbt,
1054 2377 1144 2438 quem
1159 2351 1286 2416 loannes
1297 2352 1458 2416 Marcellus
1473 2357 1506 2414 iu
1522 2355 1657 2432 lingum
1672 2353 1794 2413 latinum
1810 2353 1908 2414 vertit.
1936 2385 1985 2402 -
2024 2349 2160 2418 Scribere

307 2455 461 2514 constituit
475 2451 616 2516 adversus
631 2452 783 2542 dumetum
798 2458 920 2516 concilii
934 2454 1106 2520 Tridentini
1120 2459 1391 2520 deinstibostiouc.

165 2580 223 2639 18.
257 2565 329 2630 liet.
347 2573 470 2630 nuntius
485 2563 665 2631 Academiae
680 2573 843 2649 gratuletur
859 2568 994 2655 Principi
1010 2573 1143 2638 Electori
1161 2575 1198 2635 de
1211 2577 1339 2636 victorie
1351 2573 1381 2636 d.
1401 2578 1433 2640 b·
1448 2567 1551 2660 Martii
1567 2578 1725 2650 reportata.

168 2695 223 2759 15.
257 2684 380 2767 Accipit
395 2689 553 2766 epistolam
568 2684 687 2748 Alberti
705 2683 800 2748 Ducis
817 2687 853 2748 de
867 2661 973 2750 morbo
990 2689 1117 2770 Aunes,
1137 2695 1215 2752 filiae
1232 2712 1313 2753 suec.

166 2815 223 2875 19,
257 2800 328 2866 liet.
345 2805 463 2864 scribit:
497 2801 606 2882 „Sunt
621 2805 672 2866 hic
686 2809 832 2890 μαργίται
848 2775 1186 2898 [Brundenburgenses]
1204 2808 1344 2893 quidam,
1370 2777 1502 2906 quorum
1514 2801 1656 2864 virulenti
1671 2812 1740 2864 sunt
1753 2823 1903 2866 sermones
1915 2804 2054 2870 adversus
2071 2803 2156 2872 not.’'

164 2931 223 2992 23.
256 2917 389 2982 Vocatus
403 2935 464 2982 erat
478 2941 496 2980 e
512 2915 667 2981 locchimo
684 2917 799 2980 March.
814 2917 952 2986 Electore
968 2928 999 2983 iu
1016 2923 1212 2988 Academicum
1226 2923 1519 2988 Frauccfcrdiauarn.

162 3049 221 3110 26.
257 3033 422 3100 Exceditur
436 3038 535 3099 adhuc
550 3038 703 3099 dialectice
717 3033 879 3120 clocepho
895 3037 991 3122 Klug.
1504 3036 1505 3042 ἵ

256 3151 385 3237 Georgic
398 3155 567 3222 Auheltiuo
582 3157 675 3215 mittit
691 3160 928 3220 conciunculam.

162 3281 220 3342 27.
258 3269 376 3354 Accipit
387 3276 531 3334 nuncium
545 3273 582 3334 de
597 3285 693 3334 morte
708 3272 827 3353 Annae,
848 3279 936 3339 filiae.

161 3397 221 3456 st.
257 3389 452 3468 Franciscus,
480 3387 594 3454 Galliae
612 3413 683 3470 rex,
707 3396 843 3455 moritur.

131 3509 221 3592 April

185 3618 220 3678 2.
254 3601 380 3672 Ioannes
394 3602 535 3683 Stigelt'us
550 3621 751 3670 commoratur
767 3605 932 3673 Eri‘urdice.

255 3723 440 3788 Camerarius
456 3730 653 3809 proficiscitur
670 3730 701 3787 in
718 3723 922 3789 Franconiem.

187 3849 221 3912 ὅ.
255 3843 340 3906 Uxor
352 3839 556 3912 Melerrthonis
572 3847 686 3904 calculo
707 3846 831 3932 laboret.

257 3958 300 4022 lc.
316 3961 460 4043 Agricola
477 3964 659 4021 contumelia
675 3961 785 4022 st'flixtt
801 3956 968 4041 Georgium
980 3955 1204 4035 Anheltiuum,
1229 3959 1356 4040 epistula
1372 3960 1491 4044 publice
1507 3955 1595 4018 edita.

185 4085 218 4147 6.
253 4077 326 4142 Mel.
342 4091 428 4160 rogat
443 4075 609 4155 Sabinum,
638 4091 671 4140 ut
684 4081 770 4140 liberi
784 4074 893 4140 Annae
912 4099 1015 4138 omnes
1038 4075 1147 4156 (filiurn
1160 4078 1221 4136 ium
1237 4095 1339 4138 cecum
1353 4075 1496 4156 habebat)
1521 4075 1579 4136 sibi
1593 4073 1738 4136 mittatur.

255 4194 444 4259 Conveniunt
457 4193 554 4276 Egrue
571 4191 695 4274 Caesar,
720 4193 745 4257 F
746 4195 924 4257 erdinendus
938 4190 1025 4271 Rex,
1051 4207 1080 4256 et
1094 4191 1254 4256 Mauritius
1270 4189 1354 4258 Dux.
1646 4157 1652 4180 Ι

186 4319 218 4380 8.
253 4311 324 4375 liet.
339 4317 431 4375 mittit
444 4317 541 4395 capita
555 4317 815 4394 consolationum,
840 4328 874 4375 ut
888 4313 1021 4376 edentur.

161 4438 218 4498 10.
252 4431 346 4495 iltuit
364 4430 515 4494 l’sslrunm
530 4453 547 4494 a
560 4455 591 4494 se
606 4433 729 4504 editum.

164 4555 220 4614 tt.
253 4547 397 4612 Indicitur
414 4553 521 4612 electio
538 4547 676 4612 Rectorls
693 4547 888 4615 Academiae.

159 4675 219 4736 22.
252 4667 384 4733 Caesaris
401 4645 547 4730 exercitus
565 4681 608 4728 est
625 4688 719 4748 prope
734 4665 893 4730 Misenum.
1450 4733 1462 4750 .

158 4787 218 4852 24.
254 4785 385 4850 Caesaris
398 4789 546 4848 exercitus
561 4783 812 4869 Albiursuperet.
864 4783 986 4848 loconis
997 4778 1158 4845 Friederici
1168 4775 1267 4846 'Elect
1281 4779 1385 4868 copiae
1401 4783 1434 4842 in
1448 4778 1552 4860 fugem
1567 4775 1779 4850 coniiciuntur,
1796 4783 1825 4834 et
1839 4771 1906 4854 ipse
1921 4769 2048 4852 capitur.

158 4908 218 4968 25.
253 4903 362 4966 Versio
376 4907 468 4966 latinu
484 4907 554 4965 libri
568 4901 720 4982 Muciani,
747 4902 922 4968 aMarcellc
937 4903 1033 4980 iacto,
1060 4899 1140 4964 edite
1153 4913 1207 4963 est.

160 5027 221 5086 26.
255 5027 378 5106 Accipit
394 5021 565 5097 Serrestue,
591 5024 643 5080 ubl
658 5034 859 5083 commoretur
872 5023 1038 5099 nuncium,
1056 5016 1107 5084 Pr.
1123 5013 1294 5081 Electorem
1308 5032 1430 5101 captum
1445 5037 1526 5093 esse,
1551 5028 1582 5076 et
1596 5011 1701 5094 iugem
1715 5020 1809 5092 perat.

122 5136 159 5212 (2
169 5141 221 5215 8.)
254 5143 364 5208 Scribit
379 5143 525 5204 uxoribus
542 5137 797 5202 Concionstcrum
807 5137 1099 5221 Wittebergensium
1112 5140 1364 5220 suppliceticuern
1379 5157 1435 5219 pro
1452 5135 1569 5196 meritis
1581 5131 1620 5194 ad
1635 5125 1801 5194 cremam.

158 5252 218 5316 lici

189 5375 217 5430 1.
253 5359 427 5422 Melanthcn
446 5341 515 5418 curn
531 5356 644 5417 l'amilie
657 5359 689 5416 in
704 5355 787 5436 fuge.
884 5426 888 5436 ,

187 5489 206 5548 3
254 5477 346 5540 Venit
362 5475 582 5556 brunswigem.
634 5469 734 5535 Simul
753 5492 822 5536 cum
835 5492 871 5534 eo
887 5469 1018 5536 Lutheri
1032 5472 1123 5536 vidue
1139 5487 1169 5538 et
1184 5471 1333 5562 Georgius
1347 5471 1447 5640 Milo:
1461 5477 1586 5554 sicsqre
1598 5467 1723 5532 familia.
