4682 6254
250 338 325 412 dil

255 514 318 588 mn
340 507 544 605 praeditum
553 525 641 578 esse.
690 500 845 596 Educet
863 500 933 572 tibi
953 514 990 572 et
1010 499 1078 594 ipsi
1100 499 1253 572 conian-

254 616 407 690 ctionem
425 623 577 682 vmtram
593 607 763 698 grautlor.
1097 631 1101 643 ·

356 713 472 786 Venio
506 713 555 782 ad
591 720 840 802 argumentum
880 719 1023 780 tuarum
1055 705 1252 782 literarum.

254 821 470 912 Quanquam
496 815 603 888 etiam
630 835 707 882 mea
730 833 833 880 causa
861 807 1013 880 Senatus
1037 808 1251 880 liberalitate

253 923 431 1004 delector,
466 907 594 1011 meque
617 915 719 986 vobis
738 914 867 983 debere
891 911 1039 1002 gratiam
1070 912 1250 1003 profiteor,

253 1042 373 1098 tameo
394 1021 505 1110 magis
520 1013 953 1112 propterRempublicam
975 1015 1134 1103 gaudeo,
1162 1013 1252 1082 civi-

239 1141 380 1212 tatem,
406 1145 496 1217 qttae
510 1146 581 1192 una
598 1121 693 1190 iuter
710 1115 941 1189 Germanicas
957 1116 1087 1186 virtute
1102 1115 1251 1201 excellit,

253 1229 431 1320 acccipere
448 1248 568 1296 curam
584 1221 709 1294 tuendi
723 1220 862 1302 literas,
891 1232 927 1289 et
943 1221 989 1304 ad
1004 1217 1250 1288 posteritatem

253 1327 539 1420 transmittendi,
565 1349 646 1396 cum
660 1321 870 1414 Principum
890 1319 1043 1413 lmperia
1061 1315 1251 1390 horrendis

253 1459 293 1506 ac
308 1430 448 1522 tragicis
465 1428 632 1519 exemplis
646 1438 767 1498 ruunt.
820 1422 922 1512 Quae
936 1437 1069 1515 quanto
1088 1447 1168 1493 cum
1184 1424 1251 1492 do-

253 1540 329 1608 lore
341 1532 544 1625 adspiciam,
570 1527 645 1602 uon
660 1551 804 1619 possum
819 1527 893 1596 ulla
910 1527 1049 1596 ratione
1065 1549 1249 1618 exponere.

155 1701 161 1715 .
252 1637 366 1710 Doleo
383 1631 561 1706 Ecclesiae
576 1654 701 1716 causa,
734 1643 770 1700 et
783 1653 864 1700 cum
882 1630 926 1698 de
939 1628 1117 1700 veteribus
1133 1651 1174 1698 ac
1192 1653 1250 1698 re-

252 1739 413 1814 centibus
429 1735 532 1810 malis
548 1733 684 1824 cogito,
717 1732 825 1803 simul
842 1745 877 1801 et
892 1744 1014 1803 nostra
1031 1745 1172 1822 peccata
1188 1731 1250 1800 de-

252 1845 355 1936 ploro
381 1853 417 1912 ct
439 1839 572 1908 irascor
594 1835 718 1906 sceleri
738 1827 913 1918 hostium,
944 1834 1008 1926 qui
1024 1833 1135 1904 furias
1152 1833 1251 1902 velut

253 1971 293 2020 ex
317 1942 440 2015 inferis
465 1951 625 2010 evocatas
649 1935 875 2006 immiserunt
895 1937 987 2006 aulis
1010 1931 1138 2004 harum
1164 1957 1250 2024 gen-

251 2050 355 2122 tium.
396 2041 468 2114 Sed
482 2053 603 2115 tamen
617 2035 711 2108 inter
726 2032 813 2109 haec
827 2037 921 2108 mala
938 2049 1160 2108 servaturum
1177 2059 1251 2106 esse

251 2148 370 2223 Deum
383 2139 563 2216 Ecclesiae
584 2163 665 2210 suae
679 2138 848 2231 reliquias
861 2163 936 2210 nou
952 2139 1097 2223 dubito,
1124 2161 1250 2231 meque

253 2248 321 2325 hac
334 2269 421 2318 voce
436 2244 522 2316 Filii
538 2242 605 2314 Dei
631 2253 807 2326 sustento,
838 2241 900 2334 qui
923 2241 1057 2334 inquit:
1091 2236 1139 2312 rol
1158 2233 1250 2335 apd·
1284 2300 1289 2310 ,

252 2351 355 2448 {laco
368 2342 415 2421 τὰ
440 2341 511 2439 ἐμὰ
525 2348 590 2438 τῆς
604 2348 733 2439 φωνῆς
748 2367 824 2435 μου
842 2335 989 2427 claudet,
1012 2338 1119 2440 quyol
1135 2335 1249 2439 γινώ-

254 2474 333 2530 σκω
348 2443 447 2524 αὐτὰ
456 2499 467 2534 ,
500 2441 564 2520 καὶ
583 2442 653 2538 οὐχ
674 2436 831 2540 ἁρπάζει
845 2470 901 2526 τις
915 2440 1012 2516 αὐτοὶ
1031 2444 1072 2516 ἐκ
1093 2448 1158 2537 τῆς
1172 2469 1250 2536 χει-

253 2551 318 2653 ρός
335 2575 423 2648 μου.
473 2548 575 2620 Hanc
600 2571 721 2618 vocem
742 2547 811 2618 tibi
836 2571 978 2640 quoque
998 2547 1190 2640 proponito
1215 2559 1250 2618 et

253 2679 320 2728 nos
335 2654 427 2726 votis
443 2651 708 2724 tuisadiuvato.
758 2647 1020 2743 Precemurque
1042 2671 1184 2734 omnes,
1208 2663 1250 2720 ut

251 2758 348 2833 Deus
364 2754 514 2850 posteris
529 2749 723 2822 Ecclesiam
740 2766 874 2838 servet,
904 2775 969 2824 nec
984 2751 1077 2822 sinat
1091 2751 1250 2840 extingui

252 2863 368 2932 lucem
376 2851 575 2946 {Evangelii
591 2854 630 2922 iu
652 2877 778 2944 genere
799 2849 971 2928 humano.
1024 2850 1117 2942 Ages
1131 2866 1250 2924 autem

252 2963 381 3056 gratias
398 2959 487 3030 meis
501 2957 620 3026 verbis
636 2955 785 3027 Senatui
799 2969 1024 3040 reverenter,
1057 2980 1128 3048 quo
1143 2978 1249 3045 argu-

252 3077 374 3136 mento
391 3074 427 3134 ct
441 3061 562 3130 literas
576 3058 620 3128 ad
636 3057 809 3132 Senatum
823 3058 926 3143 misi,
951 3081 1101 3150 quarum
1117 3053 1250 3129 Exeru-

211 3151 216 3168 ”
252 3169 353 3261 plum
376 3185 500 3236 rursus
520 3160 636 3234 mitto.
688 3157 776 3230 Tibi
799 3183 941 3256 quoque
964 3159 1093 3250 gratias
1113 3181 1177 3249 ago
1193 3183 1249 3228 re-

252 3267 418 3360 spicienti
433 3288 498 3336 nos
518 3261 557 3330 iu
574 3258 642 3331 hac
658 3261 820 3346 fortuna,
844 3278 879 3333 et
895 3286 1014 3332 coram
1028 3285 1148 3330 meum
1162 3285 1250 3332 cou-

253 3370 375 3440 silium
389 3387 574 3460 exponam.
626 3361 772 3434 Utinam
791 3363 922 3433 alicubi
943 3364 981 3432 io
1005 3357 1074 3434 hoc
1092 3377 1247 3433 extremo

252 3485 333 3542 actu
349 3470 440 3538 vitae
463 3489 561 3536 meae
583 3464 719 3535 utiliter
741 3465 872 3556 possim
893 3462 1071 3534 Ecclesiae
1085 3461 1153 3535 Dei
1175 3488 1244 3534 ser-

253 3574 330 3642 vire
347 3572 386 3639 in
402 3566 601 3661 Republica
619 3561 783 3646 honesta,
816 3567 880 3636 ubi
901 3567 1025 3659 procul
1049 3567 1161 3636 absim
1177 3564 1249 3661 Cy-

253 3673 415 3768 pselidis,
441 3667 507 3752 aila
528 3661 711 3760 ἐπιθυμία
724 3662 867 3762 ἡνιοχεῖ
878 3669 1038 3768 μαργοῖς
1049 3664 1247 3763 χαλίνοισι.

252 3775 349 3846 Bene
372 3789 406 3845 et
428 3772 578 3843 feliciter
593 3771 683 3840 vale.
725 3769 766 3843 ἐν
785 3775 832 3863 τῇ
844 3766 983 3866 ὑστέρᾳ
996 3767 1022 3864 1)
1043 3773 1250 3866 nuptiarum

254 3875 497 3968 filiaetuae²).

765 3967 956 4068 Philippus
966 3969 1198 4070 'Melanthom

254 4317 320 4390 no.
335 4295 448 4386 arao.

260 4411 471 4448 Μ

1111 4327 1142 4387 2.
1160 4318 1248 4382 Mart.

1112 4412 1248 4449 Μ

664 4474 835 4561 Eidem.

321 4645 341 4704 l·
358 4639 396 4694 Er
408 4641 568 4713 apographis
582 4640 781 4710 incod.1.ang.
799 4659 825 4712 p.
836 4641 895 4708 ta,
914 4641 976 4696 cod.
990 4640 1075 4697 Goth.
1084 4640 1142 4698 191.
1161 4642 1249 4714 otu,

355 4710 418 4764 cod.
434 4711 519 4766 Goth.
534 4711 595 4766 101.
614 4707 640 4783 p'.
657 4710 724 4766 18¹².
740 4721 766 4764 et
781 4711 844 4764 cod.
858 4710 954 4770 Dresd.
969 4711 1061 4770 Zella.
1080 4711 1151 4781 pat
1164 4730 1249 4782 sq.-

197 4839 204 4850 ,
356 4777 494 4835 Convenit
508 4779 619 4854 quidem
637 4781 664 4833 iu
678 4778 772 4834 multis
786 4777 851 4833 haec
864 4780 976 4852 epistola
989 4799 1052 4834 cnm
1063 4781 1249 4844 antecedente,

226 4899 231 4906 ,
354 4847 400 4900 sed
415 4858 506 4902 tamen
530 4859 570 4902 est
586 4849 646 4904 alia.
681 4849 807 4919 Opinor,
825 4847 1028 4902 Melanthonem
1049 4849 1127 4903 binas
1148 4849 1249 4902 litteras

356 4917 454 4973 eodem
471 4918 515 4972 die
536 4919 676 5000 scripsisse
697 4930 723 4973 et
742 4934 791 4987 per
809 4918 933 4974 diversos
955 4917 1111 4972 tabellarios
1133 4917 1247 4986 misisse,

356 4986 428 5056 qnod
452 4987 613 5040 turbulentis
631 4988 696 5041 belli
716 4987 884 5058 temporibus
906 4989 1011 5058 saepius
1031 4987 1103 5042 lecit.
1139 4987 1181 5040 De
1194 5007 1249 5040 nu-

354 5053 418 5121 ptiis
437 5053 506 5108 filiae
525 5055 609 5110 litum
646 5057 748 5126 rlneri,
779 5074 873 5109 mense
894 5055 995 5110 Martio
1014 5055 1171 5124 celebratis,
1194 5055 1247 5110 vid.

225 5163 232 5178 .
357 5139 437 5192 supra
451 5141 496 5195 ep·
508 5125 535 5180 d.
550 5123 594 5180 28.
631 5127 688 5182 sbr.
702 5135 730 5180 et
743 5145 787 5196 ep.
802 5126 835 5179 ad
850 5125 943 5180 lonsm
959 5125 986 5178 d.
1002 5123 1028 5182 3.
1043 5125 1125 5179 Mart.

289 5322 316 5384 ll
333 5319 435 5393 Spanb.
451 5309 599 5379 mendose:
618 5323 718 5398 ἡμέρᾳ.

288 5403 316 5474 2)
337 5403 550 5477 Adscripsilalia
563 5426 674 5466 nunus:
695 5414 723 5464 d.
739 5412 762 5466 1.
778 5413 860 5469 Febr.
881 5408 957 5466 1547.

867 321 1307 408 natsrouaatttt
1365 323 1475 406 ΜΒ.
1500 325 1545 404 X.
1577 325 1708 406 1647.

2218 331 2281 408 tta

1303 487 1530 574 Clarissimo
1545 498 1642 584 viro,
1674 495 1873 600 prodentia
1891 511 1922 573 et
1943 500 2070 576 virtute
2094 507 2285 606 praestanti

1301 597 1417 679 Dom.
1444 601 1735 700 Hieronymo
1766 601 2139 702 Bomgartnero‚
2180 605 2283 680 Sena-

1326 705 1413 777 'tori
1425 701 1739 804 Norinhergenss',
1774 708 1979 782 amicosne
1995 704 2214 783 charissimo
2226 711 2261 812 ¹).

1301 849 1348 946 S·
1372 869 1419 944 D.
1469 869 1566 946 Haec
1591 898 1671 946 cum
1692 873 1882 948 scriberem
1906 875 1946 948 in
1968 877 2027 947 die
2046 879 2140 950 sacri
2156 879 2285 971 nuptia-

1300 974 1346 1044 lis
1362 971 1393 1072 ²)
1413 975 1506 1048 filiae
1524 989 1623 1064 tuae,
1655 979 1846 1050 miscebam
1861 979 2006 1048 caeteris
2021 976 2051 1074 ³)
2075 981 2171 1052 curis
2190 995 2222 1052 et
2235 1007 2284 1052 co-

1302 1077 1535 1168 gitationibus
1551 1095 1634 1150 vota
1650 1104 1715 1172 pro
1731 1081 1824 1150 filiae
1843 1093 1878 1150 et
1893 1082 2012 1172 generi
2026 1078 2058 1177 ⁴)
2073 1097 2110 1153 et
2124 1084 2228 1154 totius
2240 1086 2284 1154 la·

1301 1180 1423 1250 miliae
1441 1193 1577 1252 vestrae
1594 1183 1723 1268 salute,
1754 1196 1900 1276 totoque
1917 1197 2057 1275 pectore
2072 1181 2207 1270 Deum,
2237 1209 2284 1254 ae-

1302 1294 1443 1356 ternum
1468 1298 1605 1375 patrem
1623 1283 1771 1355 Domini
1793 1285 1907 1355 nostri
1929 1283 2181 1372 teau-Christi,
2212 1313 2283 1358 con·

1302 1384 1453 1455 ditarem
1472 1387 1610 1474 generis
1627 1381 1776 1457 humani
1793 1401 1826 1458 et
1848 1382 2034 1458 authorem
2052 1390 2208 1459 mirandi
2223 1391 2282 1460 loe-

1302 1487 1398 1558 deris
1414 1487 1625 1580 coniugum,
1657 1514 1738 1576 oro,
1770 1504 1811 1560 ut
1833 1491 2011 1576 laudum,
2042 1491 2170 1574 foelix.
2200 1506 2282 1564 tran-

1302 1590 1455 1683 quillum
1480 1604 1515 1660 et
1536 1593 1752 1671 foecundum
1769 1591 1974 1682 coniugium
1998 1595 2058 1664 det
2078 1593 2156 1664 lilio
2181 1607 2237 1664 tuo
2256 1605 2282 1664 et

1302 1714 1450 1784 genero,
1484 1718 1589 1786 quem
1612 1717 1749 1787 semper
1767 1694 1923 1765 iudicavi
1941 1696 2037 1766 bono
2059 1710 2095 1766 et
2115 1697 2248 1788 placido
2260 1691 2282 1788 ⁸)

1302 1793 1447 1884 ingenio
1459 1797 1659 1886 praeditum
1675 1821 1760 1871 esse.
1809 1795 1915 1870 Nunc
1932 1810 1966 1868 et
1980 1798 2049 1870 tibi
2064 1811 2099 1869 et
2121 1799 2190 1890 ipsi
2211 1821 2281 1868 con-

1302 1896 1521 1968 iunctionem
1539 1913 1689 1970 vestram
1707 1900 1877 1990 gratulor.
2107 1981 2115 1994 Ι

1402 1997 1513 2092 Spero
1537 2002 1666 2070 advos
1689 2002 1845 2093 priorem
1869 2002 2094 2073 tabellarium
2119 2023 2280 2072 reversum

1302 2123 1393 2185 esse,
1419 2103 1476 2172 cui
1493 2103 1614 2172 literas
1629 2105 1672 2172 ad
1689 2104 1860 2175 Senatum
1870 2097 1901 2200 ⁶)
1918 2105 2023 2176 etiarn
2037 2099 2066 2199 ⁷)
2084 2105 2186 2188 dedi,
2209 2125 2280 2196 qua·

1301 2227 1382 2272 rum
1403 2205 1602 2296 exemplum
1624 2228 1746 2275 rursus
1768 2205 1900 2277 mittor
1934 2203 1984 2278 Et
1999 2229 2203 2300 quanquam
2217 2227 2279 2272 mea

1301 2329 1405 2376 causa
1420 2307 1524 2377 etiam
1540 2305 1693 2378 Senatus
1708 2307 1919 2380 liberalitate
1942 2308 2116 2394 delector,
2142 2333 2180 2378 ac
2195 2306 2279 2376 vobis

1301 2408 1429 2477 debere
1443 2433 1499 2478 me
1516 2410 1663 2500 gratiam
1685 2409 1865 2500 profiteor:
1892 2423 2011 2482 tamen
2025 2413 2138 2502 magis
2155 2421 2279 2502 propter

1300 2511 1558 2600 rempublicam
1581 2513 1739 2602 gaudeo,
1770 2514 1946 2585 civitatem
1962 2526 2034 2583 tarn
2050 2507 2231 2584 honestam
2250 2510 2279 2576 in

1300 2605 1356 2680 his
1379 2613 1495 2682 ruinis
1515 2609 1790 2686 Academiarum
1820 2615 1995 2706 suscipere
2022 2638 2145 2685 curam
2170 2633 2279 2707 propa·

1301 2714 1409 2804 gandi
1428 2716 1547 2786 literas
1570 2717 1615 2785 ad
1637 2717 1889 2806 posteritatem.
1942 2716 2065 2810 ltaque
2078 2717 2168 2786 meis
2181 2711 2279 2783 verbis

1300 2831 1504 2890 reverenter
1523 2816 1672 2889 Senatui
1698 2820 1828 2911 gratias
1845 2843 1926 2911 agas
1942 2813 1984 2914 ⁸).
2035 2817 2117 2888 Nisi
2137 2841 2191 2888 me
2209 2811 2278 2886 belli
2331 2849 2332 2862 .

1300 2918 1450 2989 saevicia
1464 2913 1494 3015 ⁹)
1518 2917 1673 3015 priusw)
1698 2923 1894 3013 opprimet,
1928 2945 2047 2992 coram
2061 2921 2166 2992 vobis
2189 2939 2278 3008 erpo-

1301 3043 1384 3088 nam
1402 3045 1522 3091 meum
1543 3023 1744 3095 consilium.
1794 3021 1848 3094 Ac
1870 3025 2096 3094 decreveram
2115 3047 2207 3094 nuuc
2226 3019 2278 3088 iter

1301 3122 1439 3212 ingredi
1447 3149 1456 3209 ;
1500 3127 1561 3196 sed
1585 3150 1665 3195 cum
1689 3122 1831 3197 Sabini
1850 3126 1959 3198 liliola
1982 3126 2180 3198 conflictari
2203 3117 2277 3190 febri

1300 3225 1470 3317 coeperit,
1494 3227 1673 3296 discedere
1689 3229 1733 3298 ab
1748 3250 1788 3298 ea
1803 3251 1877 3297 non
1890 3228 1984 3314 licet,
2009 3237 2138 3322 meque
2154 3229 2221 3298 sato
2233 3245 2278 3292 rt·

1299 3326 1407 3396 lineri
1423 3327 1559 3408 iudico,
1583 3353 1648 3398 nec
1662 3351 1785 3400 recuso
1802 3323 2081 3426 lacapq‘osodott
2091 3327 2129 3428 ¹¹)
2144 3333 2189 3423 τῇ
2202 3323 2277 3396 dao-

1299 3422 1436 3524 ὃημίᾳ,
1473 3430 1504 3498 si
1527 3430 1575 3500 ita
1595 3427 1672 3502 Deo
1696 3433 1902 3518 visumst,
1934 3433 2001 3503 etsi
2024 3457 2149 3524 spero,
2179 3429 2277 3500 Deum

1299 3532 1549 3602 exauditurum
1562 3555 1636 3602 esse
1651 3533 1801 3624 gemitus
1814 3534 1976 3626 piorum,
2003 3549 2037 3605 et
2051 3535 2211 3626 ingentes
2222 3525 2277 3597 mi·

1299 3634 1407 3702 serias
1428 3628 1557 3704 harum
1581 3637 1741 3724 gentium
1767 3635 2012 3726 mitigaturum
2040 3660 2126 3712 esse.
2184 3631 2276 3702 Plane

1298 3734 1428 3806 similia
1445 3749 1528 3807 sunt
1537 3750 1695 3809 veterum
1708 3737 1988 3828 Tragoediamm
2003 3727 2276 3810 haec'malainter
2330 3739 2331 3782 t

1299 3851 1482 3927 cognatos,
1517 3839 1675 3930 ipsarum
1698 3840 1873 3910 furiarum
1897 3841 2057 3910 consiliis
2080 3841 2221 3912 excitata
2235 3827 2276 3924 ¹²),

1299 3964 1450 4032 quorum
1467 3943 1681 4030 cogitatione
1698 3965 1799 4034 saepe
1815 3933 2041 4028 cohorresco,
2074 3946 2138 4015 sed
2159 3963 2211 4010 me
2223 3929 2275 4003 hac

1297 4066 1384 4113 voce
1412 4043 1476 4111 lilii
1500 4041 1568 4112 Dei
1599 4044 1780 4115 consolor:
1813 4038 1861 4116 τὰ
1877 4035 2051 4140 apriliaco
2071 4042 2121 4116 τὰ
2144 4035 2209 4136 tptt
2226 4037 2276 4124 tlt

1298 4149 1427 4240 φωνῆς
1451 4170 1528 4238 μου
1541 4133 1695 4230 'dandam
1738 4141 1845 4244 xqiycd
1896 4140 2188 4228 transnatat,
2225 4129 2275 4209 καῖ

1298 4241 1603 4341 ἀκολουθήσουσί
1617 4272 1702 4342 μοι,
1733 4243 1840 4347 κᾷγιὸ
1863 4171 1964 4342 iola
1985 4241 2140 4322 uitiator
2157 4237 2275 4354 ὃίδιομξ

1299 4345 1427 4431 αὐτοῖς
1432 4401 1444 4434 ,
1479 4345 1544 4422 καὶ
1559 4346 1604 4422 οὐ
1619 4343 1672 4443 μὴ
1687 4341 1895 4424 dadbertus
1910 4352 1961 4433 ele
1975 4347 2043 4424 τὸν
2059 4353 2197 4432 αἰῶνα,
2225 4361 2276 4412 2³⁰

1334 4608 1360 4672 1)
1380 4603 1515 4674 integram
1528 4604 1736 4676 inscriptionem
1747 4607 1865 4662 servarit
1880 4607 1945 4662 cod.
1955 4607 2041 4678 Lang.
2329 4595 2330 4654 l

1331 4690 1360 4758 ἵ)
1379 4689 1609 4744 corporatos.
1627 4707 1710 4748 sacro
1724 4693 1875 4760 amatoria
1892 4693 1956 4750 cod.
1970 4693 2056 4764 hang.
2068 4709 2150 4748 sacro
2162 4677 2274 4750 nwlffi·
2329 4657 2330 4707 1

1332 4776 1361 4844 5)
1380 4779 1496 4830 caeteris
1509 4777 1584 4830 abest
1597 4797 1611 4831 a
1624 4777 1686 4832 cod.
1700 4777 1785 4850 hug.
2230 4781 2235 4792 '

1331 4866 1359 4920 1)
1379 4862 1447 4916 Cod.
1462 4861 1547 4920 Goth.
1565 4863 1626 4915 tot.
1640 4873 1667 4916 et
1681 4864 1744 4917 cod.
1755 4863 1841 4936 Lang.
1850 4866 1978 4934 profilia
1992 4875 2019 4918 et
2033 4846 2145 4932 ginero.

1334 4948 1361 5016 5)
1379 4951 1504 5015 placs'do]
1520 4948 1582 5003 cod.
1594 4955 1684 5021 hang.
1697 4952 1814 5004 blondo.
1830 4939 1835 4950 ⁸

1333 5034 1366 5102 6)
1384 5031 1510 5097 Videteas
1524 5033 1557 5085 ad
1573 5031 1616 5088 23.
1631 5031 1711 5086 Febr.
1728 5031 1755 5087 la.
1768 5053 1793 5087 a.

1331 5117 1360 5184 7)
1380 5119 1468 5170 ets'am
1484 5117 1547 5170 cod.
1563 5115 1648 5174 Goth.
1663 5117 1723 5173 191.
1738 5137 1794 5172 non
1806 5119 1893 5174 babet.

1332 5203 1361 5270 8)
1380 5201 1450 5257 cot.
1465 5203 1551 5270 Goth.
1566 5204 1626 5258 191.
1640 5214 1667 5256 et
1679 5203 1741 5258 cod.
1756 5203 1840 5276 Lang.
1855 5223 1932 5273 ages.

1333 5287 1361 5356 9)
1381 5287 1452 5344 coa.
1467 5287 1553 5342 Goth.
1567 5288 1628 5343 191.
1640 5290 1783 5344 saeviores.

1335 5373 1377 5440 to)
1393 5374 1477 5437 prs'us
1492 5372 1566 5426 abest
1582 5392 1598 5426 a
1613 5371 1676 5428 cod.
1693 5371 1778 5429 Goth.
1792 5375 1852 5429 401.

1335 5461 1379 5528 11)
1397 5459 1442 5515 Sic
1458 5459 1582 5514 cota-
1607 5458 1848 5530 irrupsdteodas?

1336 5545 1380 5616 12)
1400 5545 1469 5607 cod.
1483 5545 1571 5605 Goth.
1588 5546 1648 5604 191.
1662 5550 1782 5615 agitata.
