4682 6254
807 333 1271 420 ttetsrotatsttnt

338 544 374 560 -
413 512 510 638 pistule
528 514 556 567 in
575 508 736 586 apographis
750 519 791 566 est
806 510 919 594 quidem
930 511 964 566 ab
978 527 1025 593 ea,
1051 527 1121 594 qnae
1134 509 1239 566 Peuce·

338 603 411 640 ruse
432 582 480 640 idit
497 581 589 654 aliquo
605 581 690 634 modo
703 579 825 645 diversa,
843 591 869 635 et
881 591 961 663 gnam
975 577 1031 633 abo
1045 579 1088 634 dre
1105 579 1176 650 data,
1193 579 1240 636 sed

339 663 430 708 ”¹⁰²⁸
446 651 566 776 l¹¹³⁸l¹¹⁰
577 648 1241 788 tebeeth.:t3t02tttttttttttt1

337 733 402 847 iliis
411 738 566 871 {inimic
586 737 707 842 definirep
716 759 797 856 noio,
808 787 869 872 ¹nisi
886 788 923 842 sis
937 786 1063 870 opipari,
1082 786 1238 868 Melantho-

234 943 236 948 Ι
337 859 502 986 pagrpsspppgs·
520 859 641 913 eiusdem
662 867 815 928 arguments
829 859 919 912 lrteras
931 873 1036 912 mrsrsse
1054 873 1103 926 per
1118 856 1240 910 diversos

235 1084 463 1164 Clarissimo
479 1084 575 1171 viro,
599 1077 803 1158 eruditione
818 1094 850 1154 at
872 1082 1001 1153 virtute
1016 1079 1240 1182 praestanti,

235 1192 351 1267 Dom.
379 1185 496 1283 Mag.
521 1181 675 1258 Paulo
701 1183 743 1252 E
751 1183 873 1383 ppro,
917 1184 1094 1256 amicost
1113 1185 1241 1285 fratri

671 1307 739 1358 suo
789 1341 798 1363 .

233 1425 281 1516 S·
307 1443 352 1515 D.
404 1438 511 1509 Petiit
536 1437 591 1506 vir
608 1435 823 1507 clarissimus
838 1435 940 1508 Doct.
956 1429 1176 1530 Plicardns‚
1198 1450 1239 1507 ut

233 1542 378 1616 Ascanii
407 1540 586 1634 principes
617 1539 813 1610 scriberent
843 1541 888 1610 ad
910 1539 1043 1632 Lipsici
1068 1539 1238 1633 praesidii

233 1647 448 1742 praelectum
465 1644 508 1713 cle
527 1641 718 1713 emittenda
736 1643 885 1731 coniuge
902 1656 982 1734 post
997 1643 1237 1736 puerperium.

233 1748 304 1821 Eas
318 1745 348 1843 ²)
363 1747 495 1827 literas,
521 1759 560 1815 ut
580 1739 744 1814 exhibeas
759 1741 807 1815 D.
820 1737 1000 1813 Plicnrdo
1015 1741 1062 1839 ³),
1081 1761 1113 1818 te
1130 1746 1237 1814 etiam

233 1867 338 1944 atque
352 1848 459 1920 etiam
474 1869 556 1932 oro,
581 1871 621 1917 ac
635 1842 726 1916 mihi
742 1847 872 1917 diserte
889 1847 1078 1934 rescribas,
1102 1872 1148 1917 an
1166 1846 1236 1918 sint

233 1949 428 2026 exhibitae.
471 1946 589 2019 Mittit
612 1963 645 2018 et
662 1942 879 2018 Marcellus
903 1950 1078 2042 reliquam
1101 1962 1238 2042 partem

233 2055 355 2148 scripti
372 2051 420 2148 ⁴),
459 2053 556 2144 quod
583 2051 622 2121 in
646 2051 799 2122 latinum
823 2075 1022 2122 sermonem
1044 2051 1238 2134 transtulit,

146 2193 151 2196 ·
233 2181 340 2252 quam
355 2153 458 2224 dahis
472 2149 517 2228 V
512 2150 562 2221 ito
577 2147 811 2249 typographo.
863 2149 954 2224 Ecce
971 2168 1088 2225 autem
1106 2155 1238 2254 episto-

164 2339 166 2344 ,
233 2262 304 2331 lam
324 2258 490 2349 scriptam
509 2255 549 2329 ἐν
565 2261 613 2349 τῇ
628 2249 826 2354 puppianus
840 2248 941 2328 πόλει
955 2251 983 2351 ⁵)
1006 2282 1096 2351 quae
1114 2257 1240 2329 recitat

234 2381 428 2432 sarcasmos
450 2359 743 2428 venenatissimos
763 2352 922 2427 hominis
947 2360 1077 2450 ingrati
1092 2355 1140 2457 ⁶),
1164 2385 1239 2432 κω-

233 2457 418 2560 μάζοντος
442 2457 517 2531 ἐκεῖ
536 2453 600 2532 καὶ
626 2453 887 2546 παιανίζοντος
908 2455 966 2532 ἐπὶ
985 2463 1067 2542 ταῖς
1090 2481 1239 2558 συμφο-

235 2567 319 2664 ραῖς
335 2567 400 2656 τῆς
417 2555 568 2650 illidor
584 2559 625 2659 ⁷).
664 2559 734 2632 Sed
752 2562 851 2632 dabit
867 2559 964 2633 Deus
982 2565 1087 2635 nobis
1102 2565 1239 2658 aliquid

233 2669 321 2740 boni
341 2691 413 2758 pro
430 2679 526 2736 tauta
548 2666 737 2736 acerbitate
762 2665 1025 2752 conviciorum,
1057 2680 1098 2738 ut
1121 2664 1238 2738 David

235 2771 376 2842 dicebat
387 2763 434 2861 8)ι
1256 2771 1259 2778 ’

336 2869 376 2944 Si
397 2869 571 2962 pagellam
591 2868 812 2943 dialecticam
830 2871 984 2942 absolvit
1001 2862 1185 2968 Iosephus
1199 2865 1240 2965 ⁹),

234 2975 335 3046 mitte
357 2973 536 3066 specimen
550 2967 605 3068 ¹⁰).
657 2969 825 3044 Attexere
848 2973 943 3042 enim
962 2974 1067 3064 cupio
1087 2968 1134 3045 τὰ
1154 2967 1239 3045 ἑπό-

233 3101 340 3172 μενα.
391 3071 471 3146 Etsi
492 3074 590 3144 enim
613 3091 772 3168 tempore
797 3071 888 3145 m‘ihi
910 3075 1034 3145 crescit
1049 3077 1239 3163 moestitia,
1348 3139 1356 3155 ,

233 3196 274 3253 ut
288 3190 452 3250 crescunt
465 3178 558 3247 mala
573 3180 715 3270 publica
731 3179 908 3273 quotidie:
942 3191 1062 3248 tamen
1079 3179 1239 3249 scriben-

234 3287 280 3354 do
302 3281 492 3352 abducitur
510 3276 683 3350 'nonnihil
705 3305 807 3350 rnens
830 3304 850 3350 a
871 3294 1059 3371 conspectu
1077 3281 1239 3352 tristissi-
1316 3344 1325 3359 ,

233 3407 293 3454 mo
321 3382 547 3476 publicarum
578 3369 836 3469 calamitatum,
870 3404 958 3476 quas
981 3383 1120 3453 utinam
1142 3380 1239 3454 Deus

234 3486 384 3576 mitiget.
434 3481 526 3552 Heri
549 3479 639 3554 mihi
653 3483 824 3578 Princeps
841 3479 1014 3554 Ascanius
1032 3486 1163 3555 laetum
1182 3509 1239 3555 so·

235 3589 376 3657 mnium
392 3587 563 3668 narravit,
590 3589 684 3680 quod
705 3611 824 3657 coram
841 3587 1009 3661 recitabo.
1047 3584 1144 3657 Bene
1161 3589 1240 3659 vale

235 3705 269 3762 et
283 3681 449 3762 rescribe.
499 3684 567 3757 Die
586 3687 798 3763 anelanti.

269 3881 297 3948 1)
315 3879 436 3934 Menum
447 3847 656 3951 inscriptionem
672 3879 792 3938 serravit
806 3881 868 3938 cod.
883 3880 966 3952 lang.

267 3967 296 4032 2)
315 3967 389 4032 Eas]
408 3966 490 4022 codd.
506 3966 591 4022 Goth.
607 3967 667 4026 191.
684 3967 731 4028 Et.

267 4049 296 4120 8)
321 4050 457 4104 Videlicet
477 4049 620 4105 Plicardus
644 4053 805 4110 versabatur
826 4054 874 4110 illo
898 4064 1022 4127 tempore
1044 4053 1237 4128 Witebergae,

304 4119 465 4174 Melanthea
482 4128 570 4172 autem
587 4119 736 4179 Sersestae.
827 4173 829 4176 .
1024 4121 1031 4130 ’

267 4203 299 4273 4)
317 4201 417 4274 Scripsi
432 4203 705 4274 contumeliosis.

269 4289 298 4355 5)
317 4289 336 4344 i.
349 4308 374 4344 e.
387 4288 519 4345 berolini.

267 4371 303 4442 6)
321 4373 361 4432 lo.
377 4371 531 4443 Agricolae.

268 4459 296 4528 7)
317 4459 335 4512 i.
350 4477 374 4514 e.
389 4457 551 4513 Academiae
566 4457 790 4530 Witebergensis
804 4471 830 4516 et
845 4460 1041 4536 Melanthonis,
1060 4483 1140 4536 quem
1153 4465 1238 4538 Agri·

303 4527 365 4585 cola
380 4527 551 4582 Graeculum
564 4526 668 4582 solebat
679 4530 823 4600 appellare.

269 4615 298 4682 8)
318 4613 423 4668 Verbas
453 4613 523 4666 Ecce
544 4621 641 4666 nutem
662 4616 813 4678 epistotam
826 4643 866 4676 ,—
885 4643 919 4658 -·
939 4617 1039 4672 David
1058 4620 1182 4690 duchat,
1207 4620 1237 4675 in

303 4693 421 4754 utroque
432 4681 528 4738 codice
542 4701 598 4736 non
614 4680 752 4752 leguntur.

268 4770 298 4840 9)
318 4768 449 4840 Iosephus
464 4766 553 4837 Klug,
570 4768 755 4842 typographus
768 4767 895 4826 Witteb.

272 4853 319 4921 10)
337 4851 369 4905 ln
382 4860 498 4922 utraque
510 4851 605 4907 codice
618 4850 683 4906 haec
696 4861 722 4905 et
755 4871 804 4905 uae
816 4860 967 4925 sequuntur
977 4855 1016 4911 sic
1030 4874 1088 4910 sese
1100 4855 1218 4911 habente

340 4919 389 4993 „Si
402 4920 542 4984 losephus
552 4920 684 4991 pagellam
698 4920 726 4974 in
736 4871 887 4978 hiatecstcts
900 4923 1027 4992 absolsit,
1049 4925 1136 4982 mitte.
1165 4925 1235 4980 Nam

304 4987 437 5046 asserint
456 4984 582 5059 ἑπόμενα
602 4990 675 5058 [cod.
690 4991 773 5063 Laug.
791 4988 950 5064 ἐπώνυμα)
985 4992 1140 5062 Moestitia,
1166 5013 1235 5067 quae

305 5056 407 5142 alioqui
425 5068 478 5113 tem
500 5077 548 5112 ore
567 5059 679 5128 crescit,
704 5061 830 5116 nonnihil
850 5063 915 5115 mihi
928 5070 954 5116 et
968 5061 1132 5130 cogitatione
1145 5063 1237 5134 philo-

303 5127 414 5252 ppplppae
431 5137 458 5183 et
466 5077 516 5249 dhis
534 5129 765 5251 npqufflavibq‘
777 5129 1175 5256 scriptionibps'gpnitup.rbtte
1187 5151 1236 5255 ge·
1266 5187 1270 5195 ,

384 5215 436 5251 one
485 5215 568 5251 ecrer
634 5216 748 5252 rnsnr
791 5217 868 5253 oram
916 5218 960 5252 os
1013 5218 1040 5252 ns
1114 5222 1122 5254 s
1227 5239 1236 5258 .

306 5265 365 5322 Nisi
378 5267 453 5320 Deus
469 5263 526 5336 ipse
544 5284 624 5338 opem
643 5218 712 5322 liras
738 5219 812 5332 [criel.
827 5218 914 5340 Largi
923 5267 1016 5336 seret]
1038 5221 1102 5324 suasi
1118 5222 1237 5341 viiibsl,

304 5333 381 5408 quod
401 5333 522 5405 quotidie
543 5346 621 5406 peto,
648 5337 792 5390 horribiles
808 5339 935 5417 tenebrae
950 5347 977 5390 et
993 5333 1141 5409 συγχύσεις
1155 5360 1235 5396 secu-

303 5415 382 5458 turae
400 5413 475 5458 sunt.
510 5403 667 5475 Pugnensus
686 5407 769 5476 igitur
786 5417 813 5460 et
827 5414 984 5477 precatione
1001 5415 1028 5461 et
1040 5409 1153 5464 eruditis
1165 5409 1236 5465 scri-

324 5472 367 5526 tis.
403 5472 524 5528 Salutem
540 5481 605 5546 opt‘o
619 5477 771 5532 reverendo
785 5475 822 5530 D.
836 5473 951 5530 Pastori.
968 5515 971 5524 .
986 5475 1060 5530 Bene
1076 5479 1136 5533 vale
1151 5477 1178 5534 d.
1192 5480 1234 5535 28.

337 5541 397 5596 artii
420 5541 496 5598 1517.
1043 5545 1094 5606 Pb.
1109 5547 1168 5604 M.”

1328 340 1439 425 blB.
1471 343 1518 423 ll.
1571 342 1707 422 tots.

1291 514 1359 592 No.
1375 515 1492 595 8789.

1297 613 1471 646 Μ

2211 303 2272 425 ns

2176 575 2185 592 .
2199 525 2273 593 lton

2113 619 2268 650 M

1589 716 1649 808 Μ.
1672 715 1988 838 Meienburgs‘o.

1358 895 1635 970 Epistlih.V.p.568
1642 919 1684 974 sq.
1700 901 1790 957 Antea
1796 901 1850 959 ism
1860 900 1932 958 edita
1944 902 1975 960 iu
1982 903 2080 961 Manlii
2089 903 2188 980 nerag.
2196 925 2220 980 p.
2226 907 2275 966 161.

1388 995 1425 1008 -
1442 967 1628 1044 Apograpbon
1645 969 1675 1025 in
1688 971 1750 1028 ced.
1765 973 1850 1046 Laug.
1869 991 1897 1047 p.
1911 972 1964 1029 899
1974 992 2035 1048 sqq.

1314 1136 1558 1216 Michaelt'
1581 1140 1934 1243 Meienhurge‘o,
1964 1142 2254 1226 Consulr'Nort-

1716 1242 1873 1321 busane.

1288 1375 1331 1468 S.
1357 1394 1402 1468 D.
1453 1395 1597 1472 Clariss.
1612 1413 1646 1470 et
1668 1393 1917 1470 honestissime
1930 1403 2004 1488 vir,
2029 1419 2066 1477 et
2081 1408 2191 1478 amice
2205 1403 2272 1480 cha-

1288 1499 1437 1571 rissime.
1489 1499 1612 1571 Toties
1628 1497 1654 1597 ¹)
1678 1502 1898 1594 praedictum
1916 1520 2059 1580 estnon
2075 1509 2115 1578 in
2129 1511 2272 1582 fanaticis

1287 1603 1484 1688 vaticiniis,
1508 1605 1570 1673 sed
1588 1603 1627 1671 in
1643 1626 1724 1698 vere
1740 1605 1873 1676 divinis
1886 1611 2052 1697 oraculis,
2077 1612 2118 1680 in
2133 1607 2198 1684 hac
2211 1615 2277 1706 ipsa

1289 1703 1416 1774 mundi
1438 1718 1595 1785 senecta,
1627 1706 1666 1775 iu
1689 1731 1796 1800 φιεπι
1817 1707 2027 1798 incidimus,
2050 1714 2203 1785 maiores
2219 1717 2273 1784 im-

1286 1807 1470 1905 periorum
1494 1821 1529 1879 et
1548 1803 1727 1880 Ecclesiae
1749 1811 1975 1882 confusiones
1994 1811 2021 1909 ²)
2046 1816 2186 1888 futuras
2206 1842 2272 1902 esse,

1289 1935 1397 2004 quam
1420 1911 1567 1980 suerunt
1588 1924 1703 1983 antea.
1756 1909 1869 2007 quue
1883 1915 1999 1985 voluit
2014 1913 2114 1988 Deus
2131 1943 2273 2011 praemo-

1289 2036 1395 2097 nere,
1420 2025 1460 2082 ut
1475 2013 1586 2084 simus
1601 2015 1846 2106 diligentiores
1861 2017 1901 2085 in
1915 2022 2120 2111 quaerenda
2136 2024 2273 2108 veritate,

1288 2128 1322 2184 et
1346 2115 1538 2200 firmiores,
1573 2129 1607 2186 et
1628 2131 1788 2210 petamus
1813 2131 1848 2189 et
1871 2135 2099 2213 expectemus
2120 2127 2272 2196 auxilium

1288 2214 1367 2291 Dei.
1419 2215 1511 2288 Etsi.
1521 2217 1632 2308 igitur
1650 2219 1822 2291 terribilis
1837 2234 1889 2291 est
1903 2225 2043 2318 aquilae
2058 2215 2229 2300 adventus
2240 2225 2272 2324 ³):

1288 2333 1408 2390 tamen
1429 2344 1498 2392 nos
1520 2323 1748 2394 consolemur
1762 2322 1943 2414 agnitione
1958 2322 2046 2414 Dei,
2075 2331 2273 2410 conscientia

1288 2436 1405 2493 rectae
1440 2422 1652 2516 voluntatis,
1699 2427 1796 2520 quod
1831 2429 2071 2520 quaesivimus
2099 2435 2273 2520 veritatem,

1289 2537 1324 2594 et
1347 2547 1407 2617 spe
1428 2525 1553 2595 auxilii
1572 2527 1688 2600 divini
1703 2551 1770 2598 nos
1784 2542 2022 2602 sustentemus
2040 2529 2082 2629 ⁴).
2138 2535 2207 2608 Nec
2221 2539 2273 2608 du·

1288 2625 1383 2708 bito,
1422 2642 1645 2700 servaturum
1674 2653 1747 2700 esse
1774 2629 1891 2701 Deum
1917 2629 2115 2724 Ecclesiae,
2156 2640 2272 2709 etiamsi

1289 2729 1401 2822 aliqui
1434 2753 1476 2799 ex
1499 2731 1605 2801 nohis
1627 2755 1767 2803 crucem
1789 2757 1862 2803 una
1886 2759 1966 2805 cum
1991 2734 2157 2834 Cyreneo
2180 2755 2275 2833 gesta·

1290 2832 1392 2902 bunt.
1442 2827 1519 2922 Ego
1540 2834 1645 2923 longe
1666 2837 1779 2926 magis
1794 2835 1890 2906 inter
1905 2850 2046 2911 nostros
2061 2842 2212 2914 interfici
2224 2869 2273 2914 ro

1290 2935 1345 3020 lo,
1373 2959 1479 3027 quam
1502 2959 1583 3004 cum
1607 2936 1679 3006 illis
1694 2961 1767 3008 esse
1784 2939 2013 3027 coniunctus,
2039 2969 2196 3036 quorem
2211 2947 2273 3017 talis

1291 3049 1341 3106 est
1362 3037 1545 3122 voluntas,
1576 3038 1691 3131 qualis
1711 3053 1764 3111 est
1786 3034 1894 3112 huius
1915 3046 2023 3116 vestri
2037 3041 2068 3142 ⁸)
2088 3047 2198 3134 civis,
2226 3048 2272 3142 qui

1290 3137 1429 3231 scripsit
1443 3139 1640 3229 epistolam,
1662 3166 1769 3234 quam
1786 3137 1870 3214 huic
1887 3139 2027 3217 chartae
2043 3149 2187 3226 inclusi.
2211 3151 2274 3224 Sta-

1289 3241 1353 3310 tim
1373 3265 1392 3310 a
1409 3237 1577 3312 Paschate
1600 3244 1728 3313 advos
1749 3246 1924 3337 proficisci
1946 3274 2026 3319 cum
2049 3251 2129 3323 filio
2145 3253 2273 3336 decrevi,

1289 3343 1359 3412 msi
1375 3337 1407 3436 θ)
1430 3344 1469 3412 in
1493 3345 1562 3414 viis
1584 3345 1783 3436 periculum
1803 3349 1881 3424 erit.
1940 3349 1981 3422 Si
2005 3347 2128 3426 hostes
2149 3357 2273 3450 propios

1289 3446 1515 3532 accesserint,
1546 3445 1661 3517 lilium
1682 3473 1828 3540 possum
1850 3452 1890 3521 in
1910 3454 2066 3526 vicinam
2089 3455 2272 3531 Marchian

1290 3548 1335 3618 ad
1360 3548 1481 3617 fideles
1501 3561 1535 3618 et
1551 3564 1752 3641 perspectos
1768 3554 1899 3624 amicos
1915 3556 2075 3644 mittere,
2105 3563 2162 3632 vel
2176 3564 2210 3632 in
2221 3585 2271 3653 op·

1289 3651 1374 3743 pida
1396 3649 1506 3720 Ducis
1525 3643 1705 3744 Lignics'i.
1754 3649 1831 3745 Ego
1851 3681 1908 3726 me
1930 3659 1970 3727 in
1992 3651 2194 3735 Marchiam
2215 3686 2272 3732 non

1290 3751 1481 3838 conferam,
1508 3754 1572 3824 etsi
1584 3750 1613 3845 ⁷)
1629 3769 1787 3826 amanter
1801 3779 1941 3830 mecum
1954 3762 2095 3834 locutus
2112 3781 2163 3838 est
2175 3759 2273 3836 Mar-

1291 3846 1373 3923 cltio
1395 3878 1528 3946 nuper,
1555 3869 1595 3928 ut
1614 3856 1652 3925 in
1668 3851 2042 3958 Francosnrds'nnnm
2059 3862 2271 3940 Academiam

1289 3980 1346 4026 me
1377 3957 1585 4033 conferrem.
1646 3958 1742 4030 Deus
1773 3956 1860 4034 haec
1883 3968 2040 4056 pericula
2064 3969 2272 4060 gubernabit,

1290 4071 1324 4127 et
1340 4074 1381 4131 ut
1394 4060 1585 4150 gubernet,
1612 4074 1687 4132 toto
1708 4086 1788 4132 eum
1803 4081 1944 4157 pectore
1958 4095 2034 4142 oro.
2086 4071 2206 4164 Quem
2222 4095 2272 4141 oro

1290 4161 1414 4246 etiam,
1440 4175 1484 4239 ut,
1503 4187 1567 4234 vos
1590 4177 1624 4234 et
1647 4178 1782 4235 vestros
1798 4185 1911 4242 servet
1929 4173 2141 4251 incolumes.
2190 4173 2272 4244 Bene

1289 4275 1323 4334 et
1347 4263 1498 4333 feliciter
1522 4265 1647 4340 valete.
1699 4267 1767 4337 Die
1782 4263 1918 4360 Agonis
1936 4272 2023 4344 Filii
2036 4278 2105 4348 Dei
2125 4278 2170 4348 ad
2186 4299 2272 4347 mon-

1289 4380 1360 4436 tem
1388 4365 1533 4452 oliveti‚
1563 4367 1602 4437 in
1629 4393 1700 4463 quo
1727 4393 1793 4462 pro
1818 4376 1923 4445 nobis
1944 4393 2127 4452 aeternum
2149 4377 2273 4450 Patrem

1287 4483 1451 4560 precatus
1468 4480 1532 4544 est.

1340 4569 1475 4662 Scripsi
1496 4573 1540 4642 ad
1556 4565 1744 4642 Andreom
1765 4574 1806 4644 in
1819 4573 1960 4648 Salinas
1975 4579 2019 4648 de
2033 4583 2274 4670 gubernatione

1390 4669 1568 4744 Ecclesiae
1581 4688 1727 4751 vestrae.
1778 4676 1833 4749 De
1848 4671 1967 4751 Parce
1980 4683 2094 4754 multa
2107 4699 2234 4762 metuo.

1985 4779 2185 4879 Philippus.

1286 4879 1508 4896 Q

1322 4967 1351 5035 1)
1371 4965 1441 5021 Cosl.
1460 4967 1546 5041 Laug.
1565 4969 1653 5024 Nobis
1668 4975 1759 5030 tcts'es.
1822 4959 1825 4962 ¹

1320 5053 1350 5120 2)
1367 5052 1456 5108 Manl.
1478 5059 1659 5120 mutationes.

1322 5138 1351 5210 8)
1370 5137 1457 5196 Mani.
1471 5143 1624 5212 aduentus,
1642 5141 1727 5199 Ssub.
1740 5149 1885 5204 Maestus.

1322 5221 1350 5290 1)
1368 5239 1421 5276 noe
1431 5225 1515 5294 susa]
1529 5225 1689 5281 exciderunt
1703 5246 1718 5283 e
1730 5237 1801 5284 testu
1809 5229 1891 5292 Ssub.
1904 5243 1932 5289 st
1944 5232 2107 5305 ccd.Lang·‚
2121 5241 2150 5290 et
2161 5233 2221 5290 scd.
2232 5246 2273 5302 prs

1354 5309 1404 5360 spe
1416 5291 1495 5350 babet
1507 5299 1596 5362 spem.

1323 5377 1353 5450 6)
1371 5379 1426 5432 Pro
1440 5381 1528 5434 huius
1540 5385 1631 5437 vestri
1645 5381 1734 5439 Manl.
1747 5389 1849 5441 nostri.

1322 5467 1350 5534 6)
1370 5465 1458 5519 Msul.
1473 5475 1579 5520 tamen.

1325 5550 1354 5621 7)
1373 5549 1462 5606 Mant.
1476 5553 1597 5608 etiamst.
