4754 6260
49 322 117 394 tot
633 312 1070 394 EPISTOLARUM
1124 316 1232 393 LIB.
1263 317 1309 396 X.
1366 313 1501 392 1646.
2010 317 2086 390 8οΞ

49 499 189 582 poterat.
237 481 286 556 Et
300 509 381 557 cum
397 483 512 556 Filius
524 481 593 556 Dei
608 487 790 580 copularet
805 485 875 558 sibi
892 499 1035 558 aeterno
1089 489 1237 558 consilio
1270 487 1387 561 Deum
1416 503 1599 562 aeternum
1625 488 1767 559 Patrem
1795 487 1946 560 Domini
1970 485 2083 556 nostri

49 592 180 660 loedere
194 600 355 658 naturam
371 583 576 672 humanam,
600 599 746 659 testatus
761 601 822 669 cst,
845 588 1033 658 nosaDeo
1091 587 1167 661 lesu
1191 585 1326 672 Christi
1348 591 1568 662 conditorem
1591 615 1663 662 esse
1683 605 1848 675 naturae,
1880 605 1914 662 et
1936 589 1984 658 ita
2006 589 2083 656 lore

49 690 160 780 diligi,
185 703 218 760 et
241 689 401 760 exaudiri
418 689 597 763 etiuvari.
647 686 715 760 His
732 689 1033 760 consolationibus
1087 690 1223 760 felicem
1249 707 1430 778 naturam,
1464 717 1544 762 cum
1568 693 1644 782 ipse
1668 715 1744 761 eam
1769 693 1863 762 fovet
1878 705 1911 762 et
1925 690 2082 773 adiuvat,

49 815 107 862 nos
135 803 390 876 sustentemus,
413 803 464 862 ‘et
494 815 514 862 a
537 790 614 861 Deo
643 792 815 861 auxilium
843 812 1032 883 speremus.
1085 815 1189 882 quem
1206 794 1349 887 quidem
1366 817 1448 880 oro,
1474 807 1515 864 ut
1529 792 1574 868 D.
1588 787 1807 864 Plicardum
1825 808 1857 864 et
1875 792 1951 861 eius
1968 803 2078 861 totam

48 893 112 966 Diu
131 888 222 961 mihi
247 892 429 984 displicuit
443 887 538 963 Aula
561 905 681 962 nostra
697 886 736 988 ⁴)
759 917 800 964 eo
822 894 919 986 quod
934 890 1031 960 rixo·
1072 893 1266 980 familiam,
1293 909 1326 966 ct
1344 890 1439 965 hunc
1454 894 1568 966 filium
1583 910 1698 966 servet
1712 895 1906 963 incolumes
1924 907 1956 962 et
1970 906 2078 980 regat.

50 997 113 1064 sior
132 1006 242 1076 esset,
274 1008 307 1064 ct
329 994 436 1063 nimis
457 994 569 1064 multa
592 993 732 1083 negotia
758 1008 926 1067 moveret.
984 987 1032 1062 Et
1085 991 1193 1063 Serva
1220 1019 1348 1086 quaeso
1372 997 1489 1066 locum
1510 996 1723 1067 adolescenti
1737 982 1889 1088 Gygaeo
1909 994 2003 1082 apud
2023 989 2077 1059 M.

50 1092 134 1166 hunc
148 1117 287 1178 casum,
312 1095 374 1188 qui
390 1095 459 1164 iam
477 1095 617 1182 accidit,
640 1095 767 1166 metui:
792 1095 852 1165 sed
871 1117 1031 1188 quocun-

53 1221 111 1291 que
127 1197 254 1266 cadent
271 1194 444 1288 lmperia,
468 1195 564 1266 Deus
578 1197 731 1266 servabit
744 1191 949 1266 Ecclesiam.

138 1296 413 1389 Quamprimum
428 1310 649 1390 tempestates
663 1311 767 1368 erunt
781 1297 954 1382 mitiores,
969 1319 1029 1364 ve-

51 1400 135 1468 niam
163 1400 209 1468 ad
241 1422 321 1484 vos,
356 1412 389 1468 et
418 1400 464 1469 de
490 1399 613 1470 multis
639 1399 745 1471 rebus
768 1398 950 1469 vobiscum
975 1397 1030 1466 lo-

53 1523 137 1593 quar.
189 1496 298 1589 Quod
321 1501 508 1591 pecuniam
529 1495 599 1572 huc
616 1499 779 1586 misistis,
803 1523 953 1590 agnosco
969 1524 1030 1584 ve-

52 1617 143 1674 stram
175 1601 441 1674 solicitudinem
473 1614 507 1672 et
536 1602 820 1672 benevolentiam
846 1625 926 1690 erga
953 1623 1029 1670 nos.

51 1703 165 1795 decepi
185 1701 239 1771 50
262 1695 513 1787 Ioacbimicos,
548 1703 593 1774 de
622 1704 754 1795 quibus
774 1699 1028 1772 Mathematico

52 1805 152 1874 statim
175 1803 262 1872 dedi
282 1805 415 1874 decem.
466 1802 520 1875 De
538 1803 685 1898 reliquis
706 1804 792 1874 iussi
809 1827 948 1874 sumere
964 1803 1027 1871 lilii

51 1903 302 1996 Paedagognm,
331 1906 475 1999 quando
490 1905 596 1980 volet.
647 1903 739 1975 Nam
756 1930 852 1976 nunc
868 1907 1028 1976 nondum

52 2007 82 2074 in
106 2031 173 2076 una
203 2029 327 2076 mensa
357 2030 496 2093 sumus,
528 2007 612 2100 quia
638 2006 865 2077 incommode
893 2001 1027 2076 habito.

52 2105 166 2178 linum
182 2102 302 2176 adhuc
316 2101 450 2192 habeo,
474 2122 515 2180 ut
528 2132 652 2199 spero,
676 2133 739 2201 pcr
753 2109 842 2178 dnos
855 2131 1002 2180 menses.

136 2207 247 2279 Multi
274 2222 479 2295 suaserunt,
512 2224 553 2282 ut
581 2207 651 2278 iam
675 2208 834 2301 Lipsiam
864 2209 951 2278 irem
982 2208 1027 2276 ad

52 2301 335 2402 landgravium.
372 2309 505 2401 Scripsi
519 2311 573 2402 ei,
600 2311 660 2380 sed
679 2325 718 2382 ut
733 2311 841 2380 vitem
856 2309 1028 2401 suspicio-

52 2433 101 2482 nes
114 2413 309 2482 multorum
323 2410 361 2478 in
376 2424 529 2504 utraque
540 2426 650 2505 parte,
671 2434 746 2482 non
761 2412 899 2483 accessi.
934 2407 1025 2479 Novi

52 2509 219 2607 utriusque¹
232 2510 411 2605 Principis
425 2509 599 2584 Electoris
614 2525 649 2584 et
663 2511 782 2602 agnati
799 2513 1027 2596 voluntatem,

53 2629 79 2684 et
96 2611 335 2684 Consiliarios.
394 2611 500 2699 ldeo,
531 2627 705 2707 quamam
729 2613 839 2706 possit
865 2613 1026 2684 obtinere

53 2708 326 2810 landgravius,
351 2715 490 2790 dubito.
540 2715 610 2787 Sed
627 2715 743 2786 Deum
756 2739 832 2800 oro,
854 2727 897 2785 ut
910 2713 1028 2784 flectat

53 2815 167 2886 aomos
190 2815 403 2907 Principum
435 2817 480 2886 ad
515 2840 614 2886 suam
647 2829 681 2886 ct
715 2817 840 2908 populi
865 2815 1026 2888 salutem.

52 2913 175 3011 Equites
191 2917 392 3007 Hungarici
415 2941 578 3007 magnam
594 2917 836 2988 crudelitatem
851 2918 891 2988 in
907 2931 1026 2986 nostra

54 3021 158 3090 ricinia
175 3033 358 3106 exercent,
384 3020 513 3110 passim
528 3033 741 3110 grassantur,
765 3032 800 3090 et
814 3019 1026 3110 impediunt,

54 3145 87 3190 nc
105 3122 138 3190 in
156 3121 332 3213 oppidum
354 3116 613 3214 Witebergam
629 3113 752 3190 invehi
769 3134 872 3212 potus
887 3136 922 3193 ct
936 3121 1026 3190 aliae

52 3245 95 3291 res
113 3222 324 3294 necessariae
347 3223 495 3314 possint.
546 3221 643 3294 Deus
657 3223 785 3293 liberet
800 3245 877 3298 nos.
927 3217 1025 3292 Bene

53 3324 155 3400 valete.
203 3323 275 3396 Die
289 3325 326 3401 2.
343 3315 557 3400 Decembris·

773 3421 974 3518 Philippus.

53 3763 103 3840 tto.
116 3767 224 3843 3642.

58 3861 205 3896 m

522 3771 600 3852 (iere
614 3771 644 3832 d.
659 3767 1025 3854 2.Deob.ll1agdeburgi.)

561 3863 985 3900 Μ

412 3955 461 4042 Ρ.
491 3956 642 4042 Edere.

106 4119 183 4192 Epist.
201 4122 254 4180 lib.
268 4119 301 4176 ll.
318 4136 347 4191 p.
362 4121 422 4176 140.
444 4117 521 4187 (edit.
539 4119 632 4175 Lond.
649 4115 696 4173 lib·
710 4115 746 4172 ll.
764 4117 904 4192 ep.126.).

308 4276 366 4353 D.
393 4271 546 4350 Paulo
571 4275 739 4350 Edere.

52 4401 85 4493 S.
102 4419 142 4496 D.
192 4423 355 4496 Gratiam
374 4425 439 4496 tihi
454 4419 569 4496 babeo
583 4425 626 4494 dc
640 4423 831 4515 scriptione
846 4415 1024 4493 Geneseos

52 4521 101 4592 filii
118 4525 160 4598 D.
175 4519 368 4610 Plicardi,
401 4547 508 4620 quam
528 4539 563 4596 et
585 4521 751 4594 Erasmo
771 4523 929 4606 ostendi,
962 4521 1024 4615 qni

51 4627 226 4710 posteritati
241 4627 436 4718 gratulatus
453 4640 505 4699 est
520 4627 589 4698 tale
606 4626 802 4718 ingenium.
838 4623 1024 4714 Significa-

52 4723 146 4798 tiooes
168 4744 261 4801 certe
283 4741 367 4798 sunt
391 4729 546 4800 illustres
568 4742 712 4800 naturae
734 4726 869 4817 capacis
890 4724 1025 4796 doctri-

51 4845 178 4916 narum,
202 4847 236 4904 et
250 4827 436 4903 habiturae
449 4832 494 4899 ad
507 4831 675 4902 virtutem
690 4828 845 4918 egregios
858 4828 1024 4919 impetus,

51 4935 139 5000 etad
168 4934 404 5027 eloquentiam
433 4933 593 5006 idoneae.
656 4929 729 5002 Nec
758 4941 876 5000 tamen
903 4951 1024 4998 sumus

50 5021 165 5120 Stoici,
190 5035 253 5130 qui
273 5034 319 5106 ab
341 5029 545 5127 εἱμαρμένῃ
563 5031 811 5124 suspendimus
825 5028 959 5115 Deum,
983 5043 1024 5101 ut

50 5121 174 5224 Iupiter
187 5158 267 5208 suos
281 5137 408 5207 fratres
424 5149 458 5206 et
473 5135 564 5205 lilios
579 5135 623 5204 de
638 5145 758 5204 catena
776 5133 870 5223 apud
885 5127 1023 5200 Home-

51 5251 115 5300 rum
144 5237 335 5330 suspendit.
394 5235 466 5310 Sed
491 5260 574 5310 vere
597 5235 814 5306 affirmamus
837 5233 1022 5304 liberrimo

48 5377 234 5404 '‘u-...-

74 5467 96 5534 ‘i
112 5481 205 5528 matra
220 5473 297 5532 latet
310 5478 345 5532 Α.
357 5478 413 5543 D..
430 5475 579 5536 Saubcrtus
593 5471 691 5531 edidit:
713 5475 784 5528 aula
795 5473 831 5533 Ν.

1084 1089 1345 1167 Sebastianum
1376 1091 1683 1176 Wunsluemium5
1717 1110 1818 1190 pater
1848 1119 1888 1165 er
1917 1086 2077 1162 Partlue-

1084 1219 1174 1292 nope
1192 1221 1272 1268 eum
1289 1214 1400 1271 vocat.
1449 1198 1650 1274 Benevole.

1082 1531 1148 1603 No.
1163 1528 1277 1606 5645.
1337 1483 1343 1495 ·

1087 1627 1258 1656 m

1722 1543 1755 1604 8·
1769 1533 1865 1598 Deob.
1882 1533 2053 1615 (dlsgdeb.)

1701 1625 2070 1662 Μ

1412 1729 1451 1818 V
1454 1793 1465 1816 .
1502 1733 1736 1819 ttceodoro.

1148 1886 1225 1940 Edita
1240 1885 1402 1942 sSauberto
1415 1886 1443 1940 ia
1456 1888 1573 1959 append.
1586 1907 1648 1960 epp.
1660 1889 1711 1944 lib.
1722 1889 1770 1945 lV.
1806 1889 1871 1947 ,η
1896 1889 2008 1946 Contuli
2021 1909 2073 1946 au·

1181 1956 1335 2028 tograpluoo
1349 1955 1534 2010 Melanthonis
1548 1957 1575 2012 io
1589 1961 1652 2012 cod.
1667 1959 1778 2014 Monac.
1804 1999 1812 2014 .
1827 1977 1854 2030 p.
1868 1959 1929 2014 oto.
2101 1961 2104 1968 ⁴

1080 2124 1134 2204 D.
1158 2121 1204 2204 V
1206 2128 1242 2198 it
1250 2151 1271 2198 ο
1296 2121 1561 2212 Theodoro,
1593 2124 1737 2200 docenti
1755 2127 2007 2226 Euangelium
2031 2129 2081 2199 in

1164 2226 1335 2301 Ecclesia
1348 2227 1429 2300 Dei
1443 2230 1483 2301 ire
1498 2227 1642 2328 inclyta
1659 2231 1745 2304 urbe
1759 2229 1986 2328 Noribcrgu.

1078 2360 1123 2450 S.
1148 2376 1194 2455 D.
1244 2377 1368 2471 Nuper
1388 2381 1433 2450 ad
1457 2380 1556 2450 tede
1582 2374 1743 2475 Georgio
1756 2376 1913 2454 Maiore
1936 2380 2072 2475 scripsi.

1078 2479 1183 2550 Nunc
1207 2481 1331 2550 eodem
1351 2495 1558 2570 argumento
1578 2483 1764 2576 epistolam
1786 2485 1831 2556 ad
1849 2477 2072 2581 Philippum

1079 2575 1273 2676 Gluespies
1295 2582 1416 2666 mitto,
1441 2582 1521 2673 qui,
1547 2607 1628 2652 eum
1650 2584 1853 2656 tabellarios
1877 2600 1989 2656 certos
2005 2579 2071 2654 ha·-

1079 2685 1159 2754 beat
1180 2684 1225 2752 ad
1242 2674 1443 2774 Georgium
1456 2675 1614 2769 Romer,
1645 2685 1778 2776 poteris
1799 2699 1834 2758 et
1855 2700 1934 2757 tuas
1949 2686 2070 2758 literas

1077 2786 1122 2856 ad
1152 2806 1219 2854 nos
1242 2777 1402 2876 Georgio
1422 2776 1565 2854 Romcr
1580 2788 1846 2871 commendare,
1878 2786 2070 2857 mittendas

1078 2887 1123 2956 ad
1145 2878 1364 2982 Philippum
1391 2879 1595 2981 Gluespies.
1655 2882 1876 2975 Quaeramus
1904 2889 2000 2962 enim
2028 2887 2069 2958 in

1078 2983 1143 3058 hac
1167 3001 1365 3078 temporum
1384 2987 1590 3058 difficultate
1610 2987 1685 3056 vias
1706 2987 1819 3058 literis
1836 2988 1986 3072 nostris,
2011 3012 2068 3069 ue,

1078 3089 1215 3159 cernissis
1244 3103 1314 3158 tam
1344 3088 1467 3158 multis
1492 3087 1572 3158 aliis
1598 3088 1691 3158 vitae
1715 3089 1928 3174 commodis,
1962 3089 2068 3158 etiam

1077 3191 1270 3260 amicorum
1286 3190 1463 3282 colloquia
1478 3190 1690 3261 amittamus.
1738 3184 1920 3283 Georgius
1935 3185 2068 3258 Maior

1077 3293 1209 3362 servire
1225 3289 1402 3362 Ecclesiae
1417 3303 1550 3362 vestrae
1566 3292 1675 3382 cupit.
1709 3287 1758 3362 Et
1773 3286 1960 3362 habiturus
1976 3313 2069 3360 esses

1077 3386 1319 3489 παραστάτην
1344 3393 1477 3478 lidum,
1515 3406 1550 3463 et
1578 3394 1624 3462 ad
1648 3394 1816 3484 tuendam
1841 3390 2068 3463 concordiam

1077 3497 1257 3569 idoneum.
1307 3491 1374 3566 Est
1391 3507 1507 3590 autern
1523 3493 1674 3565 disertus
1687 3495 1724 3564 in
1740 3495 2008 3579 concionando,
2034 3508 2070 3567 ct

1077 3621 1162 3668 voce
1185 3623 1260 3668 non
1284 3598 1435 3670 infirma.
1492 3593 1635 3683 Quare,
1659 3595 1690 3664 si
1711 3596 1746 3666 ei
1765 3597 1863 3666 locus
1885 3598 1979 3688 apud
2005 3616 2068 3666 vos

1076 3722 1150 3770 esse
1166 3711 1298 3794 potest,
1323 3697 1495 3779 annitere,
1522 3708 1562 3766 ut
1574 3709 1782 3772 accersatur.
1830 3693 1953 3788 anue
1969 3697 2012 3765 de
2028 3719 2067 3764 re

1077 3803 1182 3872 nobis
1210 3814 1243 3870 et
1276 3799 1344 3890 ipsi
1377 3797 1536 3870 scribito.
1596 3795 1737 3868 Literae
1762 3821 1826 3889 per
1849 3789 2067 3894 Pluilippum

1077 3897 1271 3997 Gluespies
1291 3913 1385 3970 recte
1400 3897 1493 3982 mitti
1506 3909 1685 3989 poterunt.
1736 3895 1814 3967 Hoc
1831 3899 2010 3987 negotium
2027 3909 2067 3968 ut

1076 4003 1261 4095 suscipias,
1286 4002 1442 4092 primum
1455 3995 1634 4068 Ecclesiae
1649 4010 1728 4068 tuac
1743 3999 1913 4083 utilitate,
1939 3998 2068 4066 deinde

1075 4105 1146 4174 uiri
1171 4101 1425 4197 optimierilio
1449 4097 1632 4170 movearis.
1688 4094 1781 4169 Cum
1801 4099 1895 4168 enim
1916 4112 1952 4169 ct
1974 4113 2068 4169 recte

1076 4207 1236 4278 eruditus
1259 4204 1325 4288 sit,
1348 4215 1383 4274 et
1405 4202 1558 4271 candore
1581 4199 1716 4290 ingenii
1733 4200 1860 4270 eximio
1878 4200 2070 4292 praeditus,

1077 4321 1110 4378 et
1133 4329 1254 4378 amans
1276 4303 1485 4374 concordiae
1500 4301 1682 4394 publicae,
1716 4325 1842 4392 magno
1858 4317 2067 4372 ornamento

1076 4431 1149 4480 esse
1168 4405 1346 4479 Ecclesiae
1368 4417 1502 4474 vestrae
1523 4401 1662 4494 poterit.
1717 4397 1768 4472 Et
1790 4405 1889 4494 pium
1911 4403 2067 4472 officium

1077 4523 1128 4582 est
1169 4502 1480 4606 pvyadcvde‘urac
1515 4499 1580 4575 dud
1612 4499 1826 4602 εὐαγγέλιον
1862 4495 1904 4574 εὖ
1937 4505 2067 4578 ποιεῖν.
2140 4593 2143 4604 Ι

1076 4609 1173 4684 Bene
1191 4611 1280 4686 vale.
1329 4605 1396 4678 Die
1412 4607 1448 4682 3.
1460 4603 1665 4676 Decembris
1680 4606 1720 4674 in
1734 4607 1823 4675 urbe
1835 4599 2068 4694 Parthenope.

1587 4701 1777 4810 Philippus
1793 4697 2017 4777 Melanthon.

1910 5050 1941 5111 3.
1959 5037 2054 5102 Deob.

1889 5128 2061 5160 Μ

1075 5043 1141 5117 Νο.
1159 5037 1272 5114 8644.

1081 5136 1254 5172 Μ

1342 5237 1400 5320 Η.
1429 5233 1795 5347 Boumgartnero.

1143 5398 1229 5472 Epist.
1252 5396 1300 5454 lib.
1317 5396 1365 5450 Vl.
1390 5415 1417 5468 p.
1436 5397 1486 5452 trs
1503 5413 1545 5468 sq.
1567 5427 1603 5444 -
1642 5393 1696 5452 ttie
1719 5413 1750 5449 er
1774 5383 1942 5464 sumpaplro
1959 5389 1989 5444 in
2003 5387 2067 5446 cod.

1177 5469 1257 5525 Mon·
1275 5466 1297 5526 l.
1317 5485 1344 5539 p.
1357 5465 1402 5522 99.
