4744 6254
261 371 335 452 au
856 347 1295 432 urrsronanuu
1346 307 1456 430 ms.
1485 311 1549 430 n
1591 346 1731 428 casa.
1910 433 1914 443 ,
2244 351 2308 428 sn

267 541 437 623 adducat,
477 547 511 609 et
537 527 623 605 bnic
653 527 858 600 saevissimo
887 523 1029 596 vulneri
1054 519 1268 592 medicinam
1317 547 1415 609 mus,
1446 525 1476 596 si
1500 538 1620 598 tamen
1642 519 1714 596 buc
1726 521 1930 610 advenerit,
1956 535 2018 596 ant
2032 522 2151 594 salvus
2167 532 2202 594 et
2219 518 2307 594 inco-

267 643 382 714 t‘aciat·
1317 625 1425 698 lumis
1438 627 1544 699 nobis
1559 627 1746 698 nunciatus
1759 627 1867 698 fuerit
1880 623 2025 702 Elector
2038 639 2171 698 noster.

373 737 490 813 Scribi
505 759 580 805 non
594 745 721 826 potest,
743 753 833 824 quae
847 728 893 800 sit
907 726 1156 804 consternatio,
1180 745 1281 819 quae
1421 729 1535 820 Aegre
1565 727 1739 818 abrumpo
1761 729 2002 821 scriptionem.
2030 777 2036 788 .
2058 724 2187 822 Nescio
2210 725 2309 808 enim,

269 843 478 938 trepidatio,
502 861 593 932 quae
606 831 768 905 omnium
784 829 943 913 tristitia,
966 851 1071 922 quam
1086 827 1213 896 misera
1229 849 1271 894 ex
1319 852 1365 900 an
1387 845 1421 904 et
1445 831 1588 928 quando
1610 851 1674 924 per
1692 829 1812 900 literas
1830 831 1887 900 vel
1904 852 2022 899 coram
2039 823 2187 922 posthac
2201 840 2310 898 tecum

269 950 351 1038 luga
374 940 604 1014 redeuntium
628 936 774 1029 species,
799 945 950 1026 quantae
966 929 1129 1022 querelae
1145 930 1189 996 cle
1206 950 1270 996 ne·
1319 933 1559 1004 collocutum,
1577 933 1662 1017 dm,
1691 943 1726 1002 er
1748 945 1866 1004 gamen
1893 931 2001 1000 finem
2020 929 2190 1021 epistola„
2206 929 2310 998 sm

269 1046 457 1139 gligentia,
479 1040 665 1111 securitate
679 1051 712 1107 et
728 1033 885 1128 perfidia.
935 1029 1011 1120 Ego
1030 1031 1115 1115 tibi,
1138 1053 1177 1099 ac
1195 1029 1270 1098 col·
1319 1057 1376 1102 me
1392 1031 1557 1124 Magistri
1571 1029 1785 1103 Hermuani
1804 1031 1997 1102 necessaria
2013 1029 2196 1102 festinatio
2212 1029 2312 1122 'cogit

270 1149 358 1242 legis
372 1145 502 1216 nostris
518 1141 685 1212 omnibus
700 1137 868 1227 gratulor,
894 1135 991 1228 qrrod
1004 1133 1049 1202 ab
1063 1127 1120 1200 bis
1135 1143 1271 1224 specta·
1319 1130 1417 1206 Deus
1438 1149 1473 1206 te
1487 1148 1522 1208 et
1541 1147 1638 1207 tuam
1653 1133 1823 1206 familiam
1839 1156 2033 1225 omnesque
2050 1145 2192 1204 nostros
2205 1125 2312 1200 ¹colle-

272 1252 361 1324 culis
391 1260 427 1318 et
459 1240 624 1338 periculis
647 1239 796 1321 abestis,
827 1250 860 1307 et
883 1236 1036 1306 eundem
1058 1230 1173 1305 Deum
1196 1243 1270 1303 toto
1321 1259 1380 1326 gas
1402 1249 1553 1310 tueatur,
1605 1229 1806 1308 Datahm
1832 1229 2311 1326 12d50M3105‚9021„1d30

273 1359 414 1446 pectore
434 1369 576 1438 precor,
600 1355 641 1412 ut
659 1364 742 1419 vos,
768 1339 798 1408 si
817 1361 885 1433 qua
901 1337 969 1406 erit
984 1335 1201 1426 respublica,
1226 1333 1271 1403 ad
1321 1339 1381 1410 die
1413 1337 1577 1422 infausti,
1608 1363 1680 1433 quo
1703 1336 1791 1409 olim
1816 1335 1882 1408 llio
1903 1347 2003 1428 capto
2026 1333 2310 1406 florentissimum

274 1449 566 1524 instaurationem
596 1441 836 1514 Ecclesiarum
863 1452 898 1508 et
923 1432 1125 1508 scholarum
1151 1435 1190 1503 iu
1218 1430 1272 1502 liis
1321 1435 2019 1531 regnumAsiagfunditugevmm031,
2055 1432 2291 1508 Anno1547,

272 1551 496 1644 regionibus,
521 1546 651 1640 quibus
667 1539 813 1614 exitium
832 1539 1004 1622 imminet,
1022 1538 1218 1608 incolumes
1233 1535 1271 1604 in
1696 1539 1831 1614 Manu,
1848 1539 2054 1630 ,criptoffln
2070 1537 2220 1608 indicat,

272 1657 360 1726 locis
374 1650 565 1723 tutioribus
579 1658 772 1718 conservet.
804 1639 883 1713 Etsi
899 1653 1015 1712 autern
1030 1641 1146 1710 lateat
1158 1661 1271 1706 meam
1422 1639 1761 1734 Mict0·010mplart2
1776 1641 1943 1712 carmini,
1959 1639 2012 1710 rui
2025 1639 2236 1731 tempestive
2251 1637 2310 1708 flam

272 1755 483 1837 stultitiam,
507 1749 571 1843 qui
587 1771 661 1817 non
676 1746 779 1816 citius
794 1769 850 1814 me
863 1738 948 1812 binc
962 1742 1128 1826 subduxi,
1154 1752 1271 1810 tamen
1425 1744 1512 1816 editi
1533 1757 1567 1813 et
1588 1743 1646 1836 pie
1666 1743 1768 1825 lacti,
1794 1741 1969 1814 missums
1983 1741 2087 1812 etiam
2105 1739 2311 1833 exemplaria

274 1882 355 1929 cum
379 1853 510 1924 multos
532 1847 683 1920 babeam
706 1846 775 1914 mei
800 1843 929 1915 erroris
946 1843 1075 1928 socios,
1101 1841 1163 1936 qui
1179 1835 1272 1910 banc
1422 1843 1640 1916 defensionis
1662 1844 1793 1915 latinae
1816 1845 1999 1916 absolutae
2022 1842 2114 1928 iarn,
2148 1844 2209 1913 sed
2233 1865 2311 1911 one·

273 1973 347 2032 tam
381 1954 535 2026 subitam
558 1949 792 2021 calamitatem
819 1946 1006 2038 providere
1029 1957 1092 2013 aut
1111 1943 1273 2010 divinare
1422 1971 1500 2017 rare
1515 1943 1772 2016 Hermannum
1787 1946 1986 2016 nonvolui,

274 2084 350 2131 non
380 2065 593 2148 potnerunt,
624 2049 750 2120 videor
776 2048 879 2118 venia
911 2058 945 2116 et
969 2043 1273 2116 commiseratione

275 2163 422 2251 dignus3
457 2153 611 2248 etquod
631 2163 812 2240 peccatum
835 2161 885 2217 cst
908 2170 1017 2232 ame,
1044 2143 1275 2238 poenassatis
1328 2147 2308 2196 w*—
2361 2157 2362 2160 ¹

275 2283 399 2352 graves
415 2258 524 2336 luam,
548 2254 616 2324 nisi
632 2251 719 2345 quid
735 2252 822 2320 deus
835 2270 900 2318 nos
917 2247 1118 2339 respexerit.
1169 2244 1273 2316 Nunc
1321 2282 1557 2361 N0·3856·.
1598 2235 1603 2250 '
1655 2305 1660 2310 .

274 2365 315 2434 iu
338 2358 405 2430 hac
421 2355 657 2448 trepidatione
673 2352 790 2442 egredi
807 2347 890 2419 binc
907 2373 1015 2420 curru
1028 2347 1164 2418 nernini
1181 2346 1273 2421 licet.
1329 2381 1542 2418 m

154 2537 159 2544 ,
273 2463 431 2537 Pedibus
445 2461 497 2530 ire
512 2471 548 2527 et
561 2457 652 2525 ferre
666 2454 820 2523 infantes
835 2475 908 2520 non
925 2475 1027 2544 queo.
1069 2447 1272 2519 Necessario
1439 2449 1441 2458 '
1611 2447 1714 2540 Vico
1744 2448 2033 2542 Winghemw,

148 2649 152 2654 .
274 2565 386 2656 igitur
407 2556 654 2642 hieracitam,
680 2567 868 2639 oceasum,
892 2577 997 2650 qoem
1015 2551 1273 2620 ⁶²¹¹⁸⁰¹⁰m‘¹¹“
1389 2611 1469 2668 narr.
1488 2611 1516 2667 a
1537 2615 1664 2671 saonen
1684 2631 1764 2674 aena
1785 2613 1871 2674 aaa.
1891 2630 1936 2686 aa
1953 2615 2054 2672 esseae
2079 2611 2115 2668 n.
2131 2611 2195 2668 vat
2239 2613 2313 2670 aa.

274 2666 432 2739 tissimus
455 2674 555 2754 pater
577 2656 715 2728 dederit
730 2667 909 2746 expectare
923 2678 1045 2744 cogor,
1071 2653 1128 2722 cui
1149 2651 1219 2721 scio
1239 2664 1275 2722 et
1424 2682 1587 2756 Αροψὼ
1607 2685 1636 2740 5„
1657 2685 1720 2742 md·
1740 2683 1826 2740 Gon.
1841 2686 1898 2739 191.
1922 2702 1949 2756 Ρ.
1964 2684 2009 2741 fis.
2029 2692 2056 2737 e,
2075 2682 2138 2738 cod.
2157 2682 2214 2738 0⁰¹
2237 2685 2314 2740 '40¹'

276 2779 371 2838 certo
389 2764 548 2847 conlido,
571 2784 628 2828 me
645 2781 749 2828 curae
767 2771 801 2828 et
816 2779 936 2826 carum
953 2777 1046 2839 esse,
1071 2756 1177 2824 etiam
1191 2777 1271 2823 cum
1424 2770 1452 2823 r·
1466 2751 1535 2806 8⁷¹²·
2195 2750 2201 2760 ·

275 2864 390 2951 hosti,
416 2864 530 2958 potito
552 2862 659 2950 urbe,
685 2858 847 2948 iugulum
863 2855 1079 2948 praebuero,
1102 2868 1163 2925 aut
1178 2876 1274 2922 meos

274 2971 428 3040 infantes
445 2987 564 3036 coram
580 2969 635 3030 me
654 2959 824 3031 trucidari
842 2961 1045 3048 adspexero.
1082 2953 1201 3027 Solius
1216 2955 1273 3024 dei

274 3094 343 3164 ope
364 3066 581 3140 salvabimur
601 3061 771 3134 omnibus
787 3053 953 3130 humanis
967 3057 1150 3149 praesidiis
1165 3056 1276 3128 desti·
1724 3108 1750 3185 h
1809 3113 1816 3131 ,
1862 3113 1890 3131 ,,

275 3171 356 3246 tuti.
403 3164 500 3239 Eum
522 3165 632 3255 igitur
655 3161 786 3246 orabo,
816 3173 857 3231 ut
878 3156 1079 3230 Electorem
1102 3171 1276 3241 nostrum,
1627 3226 1636 3242 ‚
1698 3137 1724 3246 ,⁶
1753 3136 1937 3185 ‘mmm‘
2168 3225 2189 3242 ..

239 3295 243 3300 ·
277 3274 423 3364 eiusque
445 3267 636 3352 familiam,
661 3277 698 3335 et
714 3257 892 3333 'Ecclesias
916 3261 1010 3352 pias,
1036 3275 1070 3332 et
1092 3283 1205 3330 meam
1221 3260 1276 3328 fa·
1425 3219 1655 3305 (M‘ss‘¹⁶b¹¹‘g¹’
1678 3223 1739 3290 '¹⁶¹’
1755 3224 1859 3307 ῬΜ
1872 3222 2000 3286 eundem
2015 3221 2045 3284 ἆ·
2062 3221 2096 3289 ⁴·
2113 3219 2221 3302 Mar.)

275 3373 449 3446 miliolam
467 3368 642 3452 defendat,
666 3365 739 3434 alat
753 3379 788 3436 et
803 3376 994 3434 conservet.
1033 3360 1178 3458 Vestras
1194 3383 1275 3451 pre·
1324 3339 1589 3460 cbarissime¹)
1612 3358 1708 3436 Vise
1757 3364 1873 3437 Simul
1896 3365 2057 3435 animum
2074 3387 2194 3434 meum
2218 3363 2314 3435 multi

277 3497 334 3546 ces
361 3471 466 3540 nobis
493 3467 653 3539 subsidio
673 3467 809 3535 farturae
835 3487 908 3531 non
931 3461 1152 3544 dubitamus,
1184 3474 1276 3530 certe
1323 3465 1443 3555 magni
1463 3468 1604 3537 dolores
1627 3467 1840 3537 excruciant.
1889 3466 2000 3544 Doleo
2019 3463 2246 3558 Principem,
2271 3467 2315 3534 vi.

277 3570 506 3646 vehementer
528 3569 619 3639 affici
643 3590 707 3636 vos
731 3578 765 3635 el
789 3563 942 3656 publicis
965 3563 1145 3634 aerumnis
1160 3577 1193 3634 et
1209 3585 1277 3630 no-
1323 3591 1404 3637 rum
1426 3566 1562 3636 bonum
1586 3581 1620 3638 et
1638 3568 1815 3657 integrum
1840 3568 1878 3636 in
1902 3592 2004 3640 causa
2030 3568 2126 3637 bona
2152 3568 2191 3636 in
2209 3581 2315 3638 tantas
2360 3629 2361 3632 ,

278 3675 359 3748 stris
376 3671 540 3765 periculis
555 3670 683 3738 scimus
700 3679 734 3736 st
749 3665 920 3738 dolemus.
1323 3668 1483 3740 miserias
1516 3669 1701 3754 incidisse,
1744 3666 1920 3739 Ecclesiae
1952 3668 2152 3740 doctrinam
2180 3669 2315 3750 mutari,
2360 3661 2361 3702 l

380 3771 585 3863 Quinetiam
609 3769 663 3840 ⁸01
686 3769 761 3860 lpse
782 3779 815 3839 el
834 3766 925 3839 coeli
945 3766 1051 3862 faciet
1076 3780 1112 3838 el
1136 3767 1277 3836 demm-
1324 3771 1440 3841 studia
1462 3767 1698 3864 pulcherrime
1723 3771 1885 3843 instituta
1901 3771 1940 3840 in
1957 3767 2187 3842 Academiola
2204 3787 2316 3842 nostra
2360 3807 2361 3834 i

278 3881 371 3950 ciare
392 3875 497 3946 nobis
522 3869 586 3942 bas
609 3871 842 3955 calamitates,
869 3883 904 3940 et
926 3869 1030 3938 nobis
1053 3893 1134 3939 cum
1157 3869 1276 3956 lugere
1325 3871 1454 3955 deleri,
1479 3895 1546 3942 nos
1559 3869 1720 3958 distrahi,
1746 3873 1890 3952 amicos,
1916 3871 2192 3964 virosoptimos,
2218 3873 2315 3942 amit·
2360 3847 2361 3918 l

277 3982 475 4050 viserunt..
512 3973 603 4044 Nam
621 3967 689 4042 hoc
707 3973 826 4042 triduo
845 3971 898 4041 sol
911 3969 1144 4060 sanguineum
1165 3970 1277 4038 rubo-
1325 3986 1399 4044 tere
1419 3987 1453 4042 et
1477 3975 1581 4044 nidos
1598 3997 1679 4044 suos
1695 3987 1729 4044 et
1745 3974 1923 4057 fortunas,
1951 3973 2094 4043 irrideri
2111 3995 2178 4044 nos
2198 3975 2245 4044 ab
2261 3975 2316 4044 ad-

276 4103 352 4152 rem
376 4100 513 4168 semper
536 4075 639 4144 nobis
665 4074 822 4143 ostendit
837 4065 895 4164 ¹),
927 4084 961 4140 et
978 4071 1114 4140 coelum
1132 4070 1224 4141 tristi
1243 4084 1277 4140 et
1317 4067 1507 4160 'versariis,
1541 4087 1735 4167 postremo,
1772 4100 1830 4146 me
1856 4099 1997 4169 quoqne
2022 4098 2102 4145 cum
2126 4075 2263 4146 lamilia
2285 4076 2316 4143 in
2360 4077 2361 4168 l

277 4191 446 4272 perpetua
461 4176 609 4266 caligine
628 4177 820 4244 obductum
839 4165 1059 4244 ovvwdluecu
1073 4167 1137 4242 καὶ
1147 4193 1277 4244 ovare·
1326 4177 1470 4248 exilium
1496 4178 1595 4270 pelli;
1638 4179 1697 4246 sed
1720 4201 1785 4248 oro
1809 4174 1924 4249 Deum
1951 4191 2153 4261 aeternum,
2189 4191 2317 4270 patrem
2360 4173 2361 4176 ’

276 4275 403 4367 ”lim
418 4274 510 4370 ἡμῖν
526 4277 640 4344 Visum
657 4283 718 4348 ΕΩ·
1326 4275 1432 4354 Dom.
1457 4277 1500 4352 N.
1526 4276 1553 4346 l.
1577 4276 1704 4420 Cvrt
1732 4278 1868 4368 mitiget
1892 4279 1998 4350 nobis
2023 4276 2193 4350 omnibus
2209 4276 2241 4376 ¹)
2266 4302 2316 4348 ae-

379 4379 505 4467 Quam
529 4375 635 4444 velim
660 4387 694 4444 te
714 4374 873 4464 proxime
896 4385 990 4442 tuam
1013 4375 1198 4465 pecuniam
1224 4389 1277 4446 tc·
1325 4403 1481 4452 rumnas,

276 4505 359 4555 cum
383 4478 584 4562 abstulisse,
609 4489 648 4546 ut
661 4471 810 4546 haberes
825 4475 1003 4544 viaticum.
1054 4474 1145 4546 Tuis
1161 4478 1277 4563 rebus,
1351 4533 1356 4538 .
1427 4479 1513 4550 Heri
1536 4475 1605 4550 buc
1627 4479 1734 4550 rediit
1747 4478 1884 4552 Ductor
1901 4477 2134 4576 Augustinus
2156 4479 2317 4578 (Scburl‘)

279 4583 478 4664 frumento,
503 4577 610 4669 lignis
625 4588 660 4646 et
673 4575 810 4662 farina,
836 4599 941 4669 quam
959 4570 1018 4669 bic
1031 4577 1220 4672 reliquisti,
1246 4578 1277 4647 si
1326 4583 1389 4677 qui
1417 4595 1555 4666 narrat,
1587 4581 1790 4673 Principem
1820 4586 1943 4677 cymba
1968 4585 2007 4654 iu
2028 4585 2113 4656 Albi
2138 4588 2319 4656 advectum

279 4697 360 4754 utar
375 4697 534 4773 tempore
550 4676 775 4762 necessitatis,
800 4689 951 4767 sperate
967 4701 1041 4747 non
1055 4678 1181 4774 iniquo
1197 4678 1277 4748 ani·
1327 4707 1400 4753 esse
1415 4685 1627 4753 incolumem
1644 4683 1682 4753 in
1698 4683 1870 4776 oppidum
1885 4701 2047 4758 nostrum
2064 4683 2103 4780 ³).
2136 4685 2223 4775 Quo
2242 4711 2319 4758 cou-

279 4809 338 4854 mo
361 4784 518 4855 laturum
542 4803 627 4852 esse.
679 4776 733 4847 Te
756 4800 819 4870 per
838 4779 1001 4869 pietatem
1018 4792 1113 4849 tuam
1132 4805 1213 4862 oro,
1237 4795 1279 4852 ut
1326 4785 1405 4855 silio
1422 4785 1577 4854 miserim
1591 4785 1762 4855 familiam
1778 4810 1890 4857 meam
1904 4788 2005 4873 istuc,
2030 4784 2076 4857 ne
2090 4789 2164 4878 ipse
2181 4790 2318 4884 quidem

278 4887 309 4956 si
330 4880 461 4954 isthinc
484 4881 671 4973 migrabis,
702 4893 743 4950 ut
759 4879 906 4950 omnino
925 4882 1124 4951 iaciendum
1141 4905 1279 4970 censeo,
1325 4888 1409 4957 satis
1440 4888 1556 4956 «licere
1579 4911 1734 4977 possum.
1808 4887 1878 4959 Sed
1905 4889 1987 4958 misi
2012 4903 2130 4960 tamen
2145 4887 2199 4982 ⁴),
2242 4889 2320 4984 quia

278 4987 341 5058 ubi
364 4987 520 5076 primum
537 4982 687 5074 poteris,
712 4975 805 5050 mibi
821 5005 884 5074 per
897 4981 1015 5051 literas
1029 4982 1086 5052 vel
1103 5007 1167 5074 per
1181 5007 1277 5054 nun·
1325 4988 1453 5080 puellis
1483 5003 1618 5072 metuo,
1652 4989 1813 5081 alioquin
1837 5013 1983 5082 prorsus
2004 4986 2064 5060 bic
2087 5015 2269 5062 manerem
2292 5001 2320 5057 et

192 5118 197 5123 ·
280 5088 375 5158 cium
399 5085 592 5175 significes,
624 5083 688 5153 ubi
710 5083 868 5154 locomm
892 5083 939 5152 sis
965 5095 999 5152 et
1019 5081 1276 5175 quomodova·
1325 5103 1540 5182 expectarem
1561 5113 1685 5160 omnes
1705 5114 1815 5163 casus.
1847 5091 1966 5162 ,Nam
1990 5117 2056 5162 nec
2079 5094 2203 5182 vagari
2226 5093 2320 5168 libet,
2359 5097 2360 5132 ³

279 5187 362 5270 leas.
411 5184 488 5262 Nos
508 5211 550 5255 eo
573 5184 742 5255 libentius
768 5207 892 5254 omnes
908 5207 1095 5254 aerumnas
1110 5181 1169 5256 bic
1185 5187 1277 5258 lere·

2141 2284 2307 2408 Q

1322 2904 1566 3004 Integerrr'rno
1590 2908 1667 2980 viro
1688 2905 1890 2982 eruditione
1911 2919 1942 2981 et
1968 2908 2097 2981 uirtute
2111 2907 2314 3006 praestanti

1322 3006 1379 3087 D.
1408 3007 1452 3087 V
1452 3010 1519 3083 r'to
1558 3007 1872 3095 Winshemr'o,
1909 3012 2028 3083 amico
2054 3019 2085 3082 et
2104 3009 2314 3110 fratrissa

1360 5277 1387 5343 l)
1405 5274 1497 5330 Strob.
1515 5243 1686 5332 ctora'ssuae'.

1359 5361 1388 5430 2)
1408 5361 1479 5416 Cod.
1495 5359 1580 5414 Goth.
1596 5359 1654 5415 191.
1670 5379 1777 5418 omnes.

311 5463 339 5530 Ψ)
358 5457 435 5514 ldem
453 5467 597 5514 sanarunt
610 5453 753 5512 Sieidsnus
773 5457 802 5511 in
819 5455 1039 5526 commentariis,
1061 5467 1088 5514 et
1104 5457 1275 5518 Camerarius
1358 5443 1388 5512 8)
1405 5441 1476 5497 0⁰⁶·
1491 5445 1576 5500 G⁰¹h·
1589 5445 1651 5501 4⁰1·
1668 5455 1804 5502 vetlfflm·

345 5530 376 5584 iu
391 5529 452 5584 Vita
466 5525 648 5582 ltlelantlsonis
660 5526 694 5580 ad
706 5543 769 5582 aar.
783 5527 860 5586 tstt.
879 5527 905 5596 ἱ.
921 5525 963 5580 tt.
1360 5532 1392 5599 l)
1411 5529 1479 5586 cod.
1494 5529 1576 5586 Goth.
1594 5532 1649 5588 tet.
1669 5541 1794 5592 tonsura.
