4700 6256
46 397 115 478 669
619 388 1053 472 lll’lS’l'OLAllflM
1110 397 1220 478 LlB.
1249 395 1298 480 X.
1351 395 1483 478 1⁶4⁷.
2010 397 2086 473 670

43 569 202 649 fessos-ss,
227 567 291 658 qui
310 563 470 655 temore
491 559 580 634 belli
601 556 686 634 hinc
703 561 943 654 emigrarunt,
969 564 1033 635 ad·
1081 555 1308 635 Clarissimo
1332 564 1430 650 viro,
1455 560 1660 640 eruditione
1680 577 1712 638 et
1731 565 1860 637 virtute
1875 563 2083 662 praestanti

43 663 109 739 huc
131 665 266 751 desint,
297 689 368 736 nec
384 665 576 754 resignare
596 665 710 736 velint
732 664 771 734 in
789 659 887 736 hunc
902 666 1032 750 locum,
1081 655 1249 738 Domino
1273 665 1553 763 Hieronymo
1578 661 1774 752 dedero,
1815 664 1957 740 doctori
1980 663 2076 736 ortis

41 783 230 860 antequam.
245 769 464 858 intelligant,
488 789 558 858 msa
572 789 633 857 spe
647 767 820 838 mercedis
837 762 896 838 hic
912 766 1030 836 vivere

41 869 182 964 possint.
230 866 405 944 Solus.D.
423 863 626 964 Philippus
648 863 720 940 huc
742 867 931 952 concessit,
955 866 1031 936 sine
1081 889 1092 902 ·

40 971 169 1044 familia
192 985 333 1055 tamen,
358 993 465 1063 quesn
479 971 685 1042 redemtam
700 965 805 1040 habet
820 969 860 1038 in
873 956 1031 1040 Cherns-

38 1095 156 1145 corum
185 1072 317 1165 oppido
340 1068 563 1152 Northusen,
597 1084 632 1142 et
661 1071 733 1142 iam
754 1072 848 1144 ultra
873 1093 1029 1141 mensem
1130 1106 1141 1136 t

36 1175 207 1246 laboravit
225 1175 265 1244 in
287 1174 473 1244 scribenda
501 1171 700 1257 dialectice,
726 1172 1029 1264 quamvixintra

38 1299 190 1352 mensem
215 1277 366 1348 alterum
388 1275 564 1360 absolvet,
590 1281 710 1364 postea
734 1269 794 1343 hic
814 1297 937 1346 narsus
952 1274 1031 1344 abi-

40 1393 139 1452 turus
153 1381 199 1448 ad
215 1399 309 1464 suos,
334 1378 404 1448 nisi
419 1378 506 1471 quid
522 1376 608 1448 certi
626 1376 768 1446 interim
784 1376 865 1446 aula
873 1371 924 1446 'de
942 1371 1033 1446 Aca-

39 1482 152 1552 demia
169 1479 401 1553 constitnerit.
442 1479 595 1551 &mars
608 1479 723 1550 nostri
736 1477 861 1569 oppidi
875 1491 911 1548 et
926 1500 1033 1570 quac-

39 1598 111 1654 stor
130 1581 221 1652 arcis
244 1582 318 1652 suis
332 1597 365 1654 et
378 1579 551 1672 principis
565 1579 766 1670 sumptibus
784 1593 909 1650 curant
923 1579 992 1648 iam
1010 1601 1030 1649 a

33 1683 198 1754 sordibus
217 1683 426 1774 perpurgari
445 1683 571 1754 domos
592 1677 804 1754 Academiae
814 1691 832 1766 ,¹
856 1695 890 1752 et
904 1675 1031 1752 'earum

35 1785 214 1856 conclavia
240 1785 360 1854 omnia
382 1785 475 1854 calce
497 1798 531 1854 ct
556 1783 702 1854 tectorio
727 1783 870 1855 obduci.
932 1780 1030 1852 Deus

34 1889 138 1972 faxit,
171 1898 212 1958 ut
233 1887 333 1958 hrevi
352 1906 561 1976 responsum
577 1883 931 1978 aliquod-certarnen
949 1885 1040 1953 aula·

34 1987 263 2079 accipiamus;
310 2001 386 2058 tum
405 2041 410 2048 .
427 1986 572 2078 publico
612 1986 742 2077 scripto
776 1984 1031 2078 significabitur

32 2105 172 2182 tempus
189 2083 471 2160 inchoandarum
485 2087 681 2159 lectionum
695 2085 929 2180 publicarum.
942 2131 947 2142 ·

32 2395 93 2468 No.
110 2391 231 2469 4004.

32 2491 205 2519 Μ’

876 2405 910 2462 8.
928 2392 1014 2476 Sept.

420 2540 650 2659 Spiegelioi
765 2579 773 2602 .
851 2483 1023 2514 Μ

92 2707 114 2771 t
132 2703 174 2758 Er
188 2703 348 2778 apographo
359 2703 389 2782 in
402 2703 466 2760 cod.
477 2701 579 2762 Bavari
598 2699 661 2758 Vol.
676 2701 700 2758 l.
717 2718 744 2774 p.
757 2700 817 2758 est.

27 2855 228 2954 Adfilium
246 2855 642 2960 AsmiSpiegelii,
661 2854 1028 2958 (ErosmiSpie-

24 2961 100 3057 gel
106 2991 119 3032 ι
130 2964 147 3032 i
154 3015 165 3045 ,
195 2955 361 3082 Popociri
380 2961 420 3082 ip
441 2953 790 3134 gifldfof'fma’
826 2968 865 3030 ut
885 2954 1029 3078 intelli·

69 3075 183 3160 gitur
198 3087 246 3136 esc
261 3060 426 3162 eprstolrs
469 3062 636 3162 poiotmr
657 3059 820 3135 nondum
838 3053 976 3156 edetis.)

23 3181 64 3270 S.
80 3195 127 3270 D.
169 3191 363 3268 Audivisse
380 3212 413 3268 te
429 3197 583 3267 arbitror
598 3193 834 3267 Philoxenum
850 3219 929 3267 cum
945 3193 1027 3264 nol-

22 3303 66 3370 let
82 3299 238 3368 laudare
255 3295 420 3396 Dionysii
440 3305 625 3392 poemata,
649 3301 794 3369 ductum
813 3321 885 3369 esse
902 3295 940 3364 in
961 3301 1027 3368 λα-

22 3396 177 3496 τομίας,
208 3398 246 3468 id
267 3415 317 3469 est
332 3398 369 3469 in
384 3399 514 3486 fossas,
539 3401 635 3472 unde
651 3400 785 3496 lapides
801 3397 1027 3484 exciduntur,

22 3531 86 3596 quo
112 3517 202 3573 tum
219 3500 331 3594 ¹abiici
358 3500 517 3573 damnati
539 3503 712 3577 solebant.
762 3499 848 3572 Post
870 3500 944 3570 dies
959 3493 1025 3569 ali-

19 3618 101 3700 quot
134 3614 320 3674 extractus
350 3614 420 3683 est,
457 3627 496 3674 ac
527 3627 650 3673 rursus
674 3603 911 3690 interrogatus
935 3601 1026 3672 lecto

18 3719 198 3797 poemate,
224 3702 311 3794 quid
330 3703 374 3770 de
392 3724 433 3772 eo
449 3702 632 3774 iudicaret.
684 3701 755 3774 Hic
769 3695 864 3772 nihil
877 3724 1028 3791 respons

17 3811 65 3879 dit
85 3805 221 3888 aliud,
247 3803 318 3872 nisi
338 3805 435 3896 quod
456 3802 560 3874 iussit
580 3827 615 3872 se
637 3801 674 3872 in
689 3801 870 3874 Latomiae
886 3802 1025 3872 abduci.

18 3909 64 3980 lta
88 3933 183 3999 ergo
202 3903 322 3973 malim
341 3905 380 3974 in
394 3902 574 3975 Latomiae
589 3903 714 3989 abiici,
744 3927 850 3996 quarn
868 3904 910 3972 ad
930 3904 1025 3972 ullos

19 4022 224 4082 conventus
247 4005 449 4098 principum
472 4006 657 4098 proficisci.
706 4001 784 4075 Deo
805 4003 948 4076 iuvante
965 4000 1024 4074 hic

19 4115 172 4184 manebo
195 4120 231 4177 et
249 4121 427 4198 pertexam
442 4105 668 4192 dialecticen,
693 4106 764 4178 tuis
785 4107 911 4177 studiis
931 4107 1025 4198 opti-

20 4217 75 4286 nis
92 4214 344 4308 profuturam.
395 4207 466 4282 Sed
483 4207 514 4278 si
530 4203 777 4281 honestissima
790 4221 922 4290 mater,
949 4207 1024 4277 vir-

21 4330 83 4388 ute
110 4331 149 4387 et
179 4311 373 4382 nobilitate
398 4324 596 4404 praestans,
622 4311 718 4383 volet
736 4310 876 4381 mittere
891 4309 1024 4396 literas,

22 4443 159 4490 rossum
188 4437 251 4484 eas
273 4414 412 4484 tradere
433 4409 765 4505 Hamburgensibus
787 4411 930 4501 legatis,
955 4411 1024 4482 fide

22 4521 128 4611 lignis
146 4515 246 4587 viris
262 4515 324 4608 qui
340 4527 434 4584 certo
450 4515 601 4587 reddent
619 4516 723 4608 patri.
773 4512 970 4584 Potuissem
990 4525 1024 4583 et

23 4625 117 4692 lodie
133 4618 381 4706 Noribcrgam
403 4617 563 4702 mittere,
591 4620 689 4689 unde
713 4630 809 4687 recto
827 4617 870 4686 ad
889 4629 1023 4706 patrem

24 4723 164 4794 ›erferri
193 4719 347 4811 poterit,
372 4717 403 4786 si
425 4717 510 4812 quid
530 4742 596 4810 per
610 4743 667 4788 me
679 4717 865 4790 literarum
880 4707 921 4787 eti
938 4717 1024 4786 mis-

24 4827 78 4896 uri
95 4825 205 4899 estis.
247 4817 345 4930 Bene
359 4820 446 4890 vale.
483 4817 520 4896 S.
540 4817 775 4993 Septembris,
786 4843 896 4992 §tullo
913 4813 1023 4893 1547.

758 4975 768 4998 .
831 4943 920 4990 can.

27 5185 68 5280 a.
86 5187 220 5266 4005.
247 5135 251 5142 ⁵

27 5289 197 5320 m
841 5203 1014 5312 ..Q

364 5337 483 5426 Hier.
506 5335 679 5424 Oedero.

65 5513 88 5574 †
107 5503 150 5560 Er
164 5497 345 5625 antevoles
353 5498 485 5556 Mehnth.
497 5500 527 5556 in
539 5500 602 5560 cod.
616 5501 763 5558 landshut.
778 5499 829 5558 tot.
842 5499 901 5556 ttt.
915 5499 1017 5558 descri-

102 5587 154 5649 pta
170 5591 190 5628 a
203 5569 240 5626 S.
297 5567 436 5628 schalam

1081 765 1258 856 medicae,
1298 765 1490 866 ἀρχίατρῳ
1519 767 1652 866 inclyti
1677 768 1798 842 Ducis
1828 765 2081 850 Pomeroaioa‚

1218 925 1221 936 .
1260 866 1385 964 adpiai
1406 881 1437 942 et
1460 872 1668 944 amicosuo
1692 872 1896 958 carissimo,

1081 995 1126 1086 S.
1145 1009 1193 1089 D.
1245 1011 1447 1086 Clarissime
1462 1020 1497 1092 d.
1513 1022 1638 1092 doctor
1652 1023 1761 1091 amice'
1778 1016 1921 1094 chariss.
1949 1015 2080 1115 Ὕβρες

1081 1143 1145 1190 και
1175 1121 1370 1226 pauperinus
1402 1113 1565 1193 ἀπώλεσε
1600 1117 1664 1194 καὶ
1696 1127 1916 1218 κολοφῶνα,
1961 1121 2077 1216 inquit

1082 1213 1277 1310 Theognis.
1330 1219 1522 1294 insolentia
1548 1247 1613 1294 nos
1634 1225 1790 1310 adflixit,
1820 1225 1978 1316 quicum
1996 1248 2078 1292 can·

1082 1345 1156 1392 sam
1179 1313 1373 1392 'honestam
1392 1317 1631 1434 haberemus,
1666 1342 1784 1397 tamen
1816 1351 1889 1394 non
1916 1325 2078 1394 dedimus

1081 1445 1245 1515 operam,
1264 1438 1305 1494 nt
1320 1447 1396 1494 eam
1412 1427 1655 1498 moderatione
1671 1441 1705 1498 et
1721 1427 1903 1518 diligentia
1919 1427 1956 1494 in
1972 1427 2077 1494 rebus

1081 1524 1286 1594 necessariis
1306 1549 1524 1627 ornaremus.
1577 1527 1695 1602 Multo
1714 1531 1822 1620 magis
1837 1530 1964 1619 perdet
1981 1527 2077 1595 inso-

1081 1627 1190 1698 lentia
1213 1620 1448 1721 Lycaonem,
1483 1630 1544 1724 qui
1575 1656 1671 1701 nttnc
1701 1631 1741 1700 in
1764 1629 1918 1702 Saxonis
1943 1652 2076 1698 novum

1082 1726 1215 1798 bellum
1238 1733 1417 1814 accendit,
1444 1732 1506 1825 qui
1531 1733 1574 1802 ad
1601 1757 1724 1802 causae
1748 1721 1877 1826 impiae
1901 1730 2078 1800 defensio-

1083 1855 1163 1900 nem
1185 1831 1347 1922 adiungit
1369 1833 1571 1929 superbiam
1589 1849 1622 1904 et
1641 1829 1846 1934 ἀστοργίαν
1861 1833 1900 1901 in
1916 1831 2077 1924 patriam.

1083 1929 1154 2002 Nos
1178 1957 1261 2003 vero
1281 1935 1452 2019 sciamus,
1486 1937 1590 2004 deum
1605 1931 1782 2006 Ecclesiae
1805 1959 1886 2006 suae
1908 1933 2077 2026 reliquias

1082 2047 1115 2104 et
1137 2053 1256 2104 semen
1279 2050 1438 2106 sanctum
1466 2035 1559 2106 inter
1579 2032 1644 2106 hos
1667 2039 1839 2108 tumultus
1856 2035 1992 2126 generis
2010 2030 2077 2102 hu·

1082 2136 1179 2204 mani
1195 2151 1416 2206 servaturum
1434 2161 1516 2211 esse.
1556 2135 1681 2211 Haste
1697 2139 1938 2212 consolatione
1955 2135 2079 2226 erigas,

1082 2251 1116 2307 et
1137 2262 1178 2307 eo
1203 2239 1346 2308 suavius
1359 2239 1571 2310 infantulam
1588 2239 1697 2309 filiam
1711 2254 1807 2312 tuam
1823 2263 1944 2312 recens
1958 2252 2077 2308 natam

1081 2339 1332 2428 complectare,
1366 2351 1399 2409 et
1423 2340 1461 2411 in
1486 2341 1561 2410 eius
1584 2343 1723 2413 labellis
1743 2358 1776 2413 et
1794 2343 1893 2436 genis
1916 2338 2077 2410 dulciora

1081 2439 1199 2512 oscula
1231 2441 1344 2540 figas..
1381 2437 1622 2518 Gaudeotibi
1645 2445 1757 2514 filiam
1778 2458 1896 2514 natam
1918 2433 2009 2527 esse,
2043 2453 2074 2508 et

1081 2545 1186 2614 desim
1210 2569 1295 2630 oro,
1320 2556 1360 2613 ut
1385 2556 1417 2610 te
1441 2557 1475 2613 et
1494 2557 1642 2614 matrem
1665 2559 1699 2616 et
1718 2545 1827 2616 filiam
1848 2557 1961 2616 servet
1979 2544 2077 2612 iuco-

1079 2633 1218 2718 fumes.¹

1090 2738 1093 2749 ¹
1181 2741 1258 2836 Ego
1284 2739 1354 2816 huc
1379 2747 1506 2816 accessi
1531 2747 1738 2832 accersitus,
1767 2770 1854 2824 ,eum
1880 2755 1958 2838 sp'es
1987 2758 2076 2816 esset

1079 2861 1218 2920 ostensa
1245 2843 1457 2919 Academiae
1489 2847 1758 2934 instaurandae,
1793 2871 1919 2942 meque
1953 2870 2076 2918 crassae

1079 2949 1281 3043 probabiles
1300 2962 1499 3020 moverunt.
1550 2945 1642 3020 Cum
1663 2949 1758 3022 enirn
1781 2947 2009 3020 manifestum
2031 2945 2077 3018 sit

1079 3051 1293 3142 collegarum
1315 3065 1518 3122 nostrorum
1543 3051 1829 3122 coniunctionem
1848 3048 1974 3122 studiis
1992 3075 2076 3143 pro·

1078 3153 1194 3237 fuisse,
1221 3149 1372 3223 distrahi
1390 3177 1449 3222 eos
1464 3152 1640 3226 nolebam.
1692 3153 1763 3225 Sed
1782 3178 1851 3248 quo
1867 3167 2074 3243 argumento

1078 3279 1153 3324 non
1169 3255 1370 3324 firmissimo
1386 3256 1532 3338 utimur,
1550 3279 1591 3324 co
1608 3255 1764 3326 fortassis
1780 3252 1966 3340 laedimur,
1980 3255 2076 3348 qtcod

1078 3355 1229 3426 dicimus
1246 3358 1409 3447 prodesse
1423 3354 1608 3442 Ecclesiis,
1637 3358 1770 3427 servari
1786 3349 1878 3426 hanc
1895 3356 2076 3428 doctrinae

1078 3460 1207 3529 sedem.
1244 3455 1316 3530 Sed
1331 3456 1406 3528 Deo
1423 3462 1632 3528 commendo
1648 3460 1791 3532 exitum.
1833 3455 2077 3528 Illustrissimo

1078 3551 1435 3656 Principi'PlriIippo
1455 3559 1597 3651 scripsi,
1625 3585 1664 3630 ac
1685 3561 1786 3630 vobis
1800 3583 1877 3630 eam
1892 3561 2075 3652 epistolam

1078 3657 1235 3731 exhiberi
1257 3659 1363 3746 iussi,
1395 3683 1528 3755 vosque
1554 3685 1637 3744 oro,
1664 3675 1706 3732 ut
1728 3685 1804 3731 eam
1830 3657 2074 3731 Illustrissimo

1076 3760 1235 3852 Principi
1252 3753 1456 3834 exhibeatis.
1505 3759 1603 3834 Bene
1618 3777 1653 3833 et
1670 3763 1817 3833 feliciter
1831 3761 1919 3835 vale.
1970 3761 2075 3832 Salu-

1076 3875 1146 3932 tem
1168 3875 1251 3953 opto
1275 3864 1444 3932 omnibus
1466 3861 1578 3934 doctis
1595 3865 1681 3934 viris
1697 3864 1734 3934 in
1752 3859 1942 3934 Academia
1962 3877 2074 3933 vestra

1077 3963 1298 4034 docentibus.
1349 3963 1418 4036 Dic
1432 3960 1469 4040 S.
1485 3962 1703 4058 Septembris
1722 3961 1832 4039 1547.

1589 4061 1779 4160 Philippus
1800 4057 2026 4139 Melanthon.

1075 4399 1142 4476 No.
1158 4401 1274 4476 4006.

1084 4497 1256 4530 m

1925 4407 1958 4474 4.
1974 4405 2058 4486 Sept.

1897 4495 2069 4527 Μ

1423 4547 1495 4636 Ge.
1522 4551 1741 4638 Fabricio.

1176 4715 1261 4788 Epist.
1278 4713 1326 4770 lib.
1340 4712 1374 4770 V.
1392 4733 1419 4786 p.
1431 4713 1485 4770 893
1494 4731 1534 4785 sq.

1075 4868 1278 4970 Georgio
1327 4865 1561 4946 Fabricio
1617 4870 1867 4966 (gubernanti
1905 4865 2072 4946 schalom

1473 4970 1680 5066 Misams.)

1071 5109 1117 5204 S.
1142 5124 1188 5204 D.
1243 5123 1323 5198 Etsi
1344 5123 1499 5196 reditum
1521 5147 1639 5194 meum
1664 5117 1873 5210 setthim,
1905 5125 2070 5210 sciebam,

1073 5225 1350 5325 reprehensuros
1373 5247 1446 5297 csse
1467 5226 1619 5306 multos,
1645 5250 1797 5318 quorum
1820 5225 2011 5298 amicitiam
2036 5241 2069 5296 et

1072 5331 1203 5406 iudicia
1226 5355 1299 5400 non
1327 5327 1428 5421 parvi
1450 5325 1561 5410 facio,
1595 5329 1723 5398 accessi
1747 5343 1864 5400 tamen
1888 5322 1975 5414 huc,
2008 5352 2069 5418 spe

1071 5450 1210 5507 ostensa
1226 5427 1493 5503 instaurationis
1508 5443 1649 5501 nostrae
1661 5425 1892 5524 μορμηκίας,
1916 5431 2010 5524 quod
2029 5445 2069 5500 nt
2146 5519 2152 5528 Ι

1070 5539 1241 5624 facerem,
1267 5532 1453 5627 praecipua
1469 5553 1587 5600 caussa
1603 5531 1689 5616 fuit,
1714 5535 1811 5624 quod
1827 5533 1991 5625 prodesse
2012 5532 2067 5602 iu-

2320 1086 2323 1222 l

2322 1225 2324 1368 l

2323 1374 2325 1510 l
