4700 6256
221 351 297 430 111
815 341 1250 426 EPISTULARUM
1298 343 1403 424 ΜΒ.
1428 343 1477 425 X.
1527 343 1658 428 tuat.

226 525 369 598 atrocia.
429 520 649 616 Quanquam
681 533 802 592 autem
827 523 1051 594 occultantur
1076 518 1224 590 consilia

2202 349 2272 426 ’100

1376 516 1462 590 ldco
1477 517 1692 592 Celsitudini
1715 532 1850 591 vestrae
1862 514 1960 590 bunc
1973 513 2190 616 κατηχηιὴν
2205 515 2272 590 Ec·

229 625 409 710 debonis,
434 637 553 696 tamen
568 623 700 694 multae
714 636 799 694 sunt
814 625 1054 706 coniecturae,
1079 643 1145 692 nee
1158 620 1226 691 Sa·
1274 618 1400 692 clasiae
1416 635 1556 692 nostrae
1571 623 1801 702 commendo,
1827 621 1972 692 doctum
1988 622 2126 708 virum,
2151 635 2188 694 et
2203 623 2273 692 uti-
2347 663 2348 670 ι

228 729 437 798 xonicorum
469 739 633 796 motuum
666 725 772 794 finem
807 747 898 810 esse,
937 747 1004 794 nec
1027 719 1225 794 Elveticam
1273 722 1357 792 liter
1387 723 1599 794 servientem
1630 721 1811 796 Ecclesiis.
1883 717 2022 794 Offeret
2052 717 2273 795 Celsitudiui

229 842 368 918 gentem
391 827 626 922 tranquillam
647 826 734 902 fore.
785 824 1140 920 Quanquam-autem
1159 847 1225 915 pax
1273 834 1410 894 vestrae
1432 825 1629 914 exemplar,
1660 824 1980 912 interrogationum
2000 826 2271 916 praecipuarum
2348 868 2349 875 ι

229 931 355 1002 utilior
378 945 470 1015 erat,
496 945 616 1000 tamen
637 949 758 1020 spero,
781 924 897 997 Deum
922 927 1079 997 civitates
1101 925 1224 994 defen·
1273 925 1455 998 examinis.
1522 924 1663 1014 Quaeso
1694 938 1736 996 ut
1760 922 1945 995 Celsitudo
1973 939 2088 1014 vestra
2115 923 2271 994 vicissim
2347 963 2348 970 ι

232 1053 356 1104 surum
373 1055 465 1118 esse,
491 1043 545 1116 et,
573 1041 613 1100 ut
626 1053 683 1100 eas
698 1029 884 1114 defendat,
908 1053 985 1102 oro.
1007 1043 1010 1048 “
1034 1024 1114 1117 Ego
1129 1039 1225 1098 nunc
1272 1027 1423 1117 pauperi
1439 1040 1473 1096 et
1486 1027 1546 1116 piu
1563 1041 1597 1096 et
1610 1029 1716 1097 doctu
1730 1026 1882 1098 declaret
1895 1027 2148 1098 liberalitate·
2161 1049 2272 1096 msam.

232 1135 375 1226 publice
405 1134 444 1202 in
470 1129 659 1203 Academia
692 1132 793 1201 trado
819 1131 1067 1201 refutationem
1093 1126 1225 1198 decreti
1272 1123 1351 1198 Etsi
1377 1129 1472 1198 enim
1498 1137 1659 1219 tempora
1675 1143 1759 1204 arent
1775 1127 1955 1214 difficilia,
1978 1128 2098 1198 taimen
2115 1152 2194 1198 non
2209 1151 2271 1198 ne-

233 1234 393 1330 Synodi,
430 1236 474 1304 de
500 1233 724 1304 dubitatione
753 1245 787 1302 et
808 1232 889 1302 aliis
909 1231 1056 1304 erroris.
1074 1254 1108 1318 s,
1136 1251 1225 1320 quos
1272 1229 1429 1318 gligendi
1455 1244 1539 1300 sunt
1562 1253 1745 1322 pauperes.
1804 1227 1902 1298 Bene
1925 1243 1960 1298 et
1982 1229 2136 1300 feliciter
2159 1230 2270 1298 valeat

234 1337 418 1406 confirmat
441 1333 618 1429 Synodus.
669 1332 785 1404 Tuam
808 1333 1061 1404 lucubratione.
1113 1324 1224 1400 arith-
1272 1326 1454 1400 Celsitudo
1471 1346 1596 1406 vestra.
1631 1331 1698 1402 Die
1714 1330 1824 1402 natali
1839 1329 1925 1400 Filii
1938 1329 2018 1418 Dei,
2039 1326 2153 1402 Anno
2174 1327 2270 1404 tota

232 1419 397 1508 melicum
420 1459 544 1506 censeo
569 1435 741 1504 'edendam
764 1447 855 1516 csse,
877 1441 924 1506 'et
946 1432 1138 1504 editionem
1161 1431 1224 1500 ad-

233 1537 376 1611 iuvabo.
412 1536 522 1608 Mitto
539 1535 606 1606 tibi
623 1537 822 1630 exemplum
840 1531 1075 1616 arithmetices
1092 1526 1225 1604 Came-

234 1635 331 1708 rarii
343 1632 393 1733 ‘).
428 1635 526 1708 Bene
543 1635 631 1708 vale.
666 1636 732 1710 Die
749 1637 860 1708 natali
876 1634 1045 1723 Messian,
1065 1631 1130 1708 flii
1146 1631 1225 1719 Dei,

235 1738 345 1817 rste.
373 1733 419 1836 [ι.
435 1763 464 1809 ..
483 1733 613 1836 ute]
676 1767 679 1778 ι

325 1902 486 1996 ’Όνειρος
499 1901 607 1979 huius
620 1904 746 1980 noctis.
770 1904 856 1976 Vidi
874 1905 1061 1980 electorem
1077 1898 1225 1977 lotar»-

232 2027 312 2076 nem
335 1997 380 2076 F
375 2003 588 2098 tidericum,
631 2031 701 2100 qua
731 2009 846 2098 specie
872 2008 947 2078 vidi
965 2008 1223 2088 adolescentem

230 2102 420 2203 pulchrum
445 2121 480 2179 et
500 2109 664 2178 nondum
684 2109 850 2194 obesum,
872 2121 907 2179 et
931 2132 1069 2180 versum
1084 2108 1153 2198 legi
1166 2102 1222 2179 his

230 2209 368 2294 verbis:
400 2207 452 2304 βῆ
472 2201 638 2308 μεγάλην
660 2201 794 2304 apaten
813 2201 1029 2302 μανθάνων
1050 2201 1162 2285 καινά
1182 2233 1222 2280 τι

231 2301 359 2382 πολλά.
416 2307 572 2404 ‚Aliquid
606 2310 693 2382 novi
715 2309 914 2398 auferetur,
948 2312 1118 2404 quicquid
1143 2309 1220 2380 erit.

232 2407 436 2482 Somnium.
502 2411 603 2484 Dixit
634 2414 707 2483 dux
732 2405 945 2495 Mauritius
970 2415 1014 2483 ad
1040 2436 1097 2484 me
1122 2409 1222 2498 flexis

232 2514 393 2603 genubus
425 2515 669 2604 deprecantem
703 2537 768 2604 pru
796 2512 1031 2606 Witebecga,
1072 2537 1221 2606 respon*

233 2617 337 2703 dens:
363 2613 488 2704 faciam
507 2604 646 2710 ἐρείπια
660 2603 732 2710 **).

785 2743 881 2824 Plail.
897 2743 1122 2819 Melanthum

235 2986 1226 3022 maa-Q...-

1073 3189 1132 3255 15.
1144 3183 1222 3257 Deo.

969 3286 971 3295 ι
1080 3276 1219 3306 Μ

228 3179 295 3252 Νο.
315 3176 429 3292 1090.
485 3211 490 3218 ·

236 3274 398 3310 Μ

500 3367 683 3486 Georgio
697 3370 953 3460 Anboltino.

298 3547 384 3621 Epist.
402 3547 451 3629 lib.
462 3545 513 3604 lll.
529 3566 557 3620 p.
570 3548 613 3604 8&
635 3547 694 3617 (ed.
706 3549 797 3609 tona
813 3551 860 3613 lib.
874 3550 921 3606 111.
939 3546 984 3624 ep.
997 3549 1062 3618 180.
1097 3553 1221 3626 Anagra-

333 3615 407 3689 pboo
421 3635 449 3672 ιιι
463 3615 526 3672 cod.
541 3617 656 3674 Monac.
670 3619 713 3676 66.
731 3635 756 3690 p.
767 3619 793 3674 9.
907 3693 911 3698 Δ

411 3769 618 3870 Georgia
643 3770 814 3874 Principi
830 3771 1040 3850 Anicultino
1075 3883 1081 3897 .

229 3921 275 4014 S.
299 3941 345 4019 D.
396 3939 638 4012 illustrissime
659 3965 699 4014 ac
714 3938 1022 4014 Reverendissimc
1040 3940 1220 4036 Princeps.

232 4043 339 4139 Apud
351 4037 578 4114 Ezechielem
593 4044 693 4116 iubet
707 4041 816 4128 Deus,
827 4039 1005 4134 Angelum
1020 4046 1220 4134 percutien-

232 4157 303 4216 tem
320 4145 500 4238 Principes
522 4160 555 4214 et
578 4145 748 4240 populum
768 4145 806 4214 in
824 4143 997 4237 Templo,
1022 4167 1163 4236 parcere
1177 4149 1221 4220 iis

232 4245 295 4342 qui
309 4259 455 4336 gemunt
467 4259 611 4338 propter
625 4241 935 4338 prophanationes.
972 4243 1097 4318 Parcet
1114 4248 1223 4338 igitur

231 4345 330 4422 Deus
358 4369 454 4416 nunc
479 4371 618 4439 quoque
640 4347 836 4440 aliquibus,
876 4349 938 4441 qui
962 4348 1097 4418 etiamsi
1118 4375 1220 4442 opem

231 4450 324 4520 ferre
336 4443 514 4518 Ecclesiae
537 4470 611 4516 non
629 4463 793 4539 possunt,
818 4449 951 4540 gemitu
967 4463 1084 4520 tamen
1102 4466 1223 4523 osten-

233 4551 324 4622 dunt
351 4549 609 4622 confessionem
638 4571 754 4633 suam,
786 4561 821 4618 et
849 4550 1222 4646 bonam'voluntatem

234 4673 314 4740 erga
340 4647 545 4726 Ecclesiam.
605 4645 705 4719 luter
729 4649 814 4721 tales
835 4651 974 4724 utinam
998 4665 1033 4726 et
1057 4677 1123 4727 nos
1147 4669 1230 4728 scr-¹

230 4774 365 4824 remur.

266 5097 296 5170 1’)
313 5100 406 5175 „Alias
417 5099 573 5158 inscribitur
586 5098 776 5161 &baudelio-⁰
796 5099 879 5172 (Nota
891 5101 1005 5176 Bavari.)

264 5197 313 5270 *1)
331 5197 487 5257 Somnium.
527 5201 612 5258 Dua
626 5207 689 5255 dux
701 5211 753 5258 etc.
768 5201 890 5258 Dareine
901 5201 1080 5272 praetermisit
1095 5225 1148 5264 aaa
1158 5207 1219 5264 edi·

299 5268 347 5324 dit.
376 5265 483 5322 Putavit
495 5268 622 5330 fortasse,
639 5271 772 5324 Baracum
786 5270 852 5326 baec
865 5269 1046 5342 adscripsisse.
1072 5275 1217 5334 Caeterum

213 5373 217 5382 ·
298 5335 353 5393 boc
372 5336 509 5392 somnium
529 5337 597 5392 utet.
614 5339 706 5394 babuit
725 5347 835 5394 meante
853 5335 1030 5394 nectareo
1050 5341 1127 5398 1516.
1165 5345 1217 5403 llic

298 5405 413 5460 fortasse
435 5413 578 5488 propterea
597 5404 843 5474 commemorarit,
875 5407 949 5478 quod
969 5407 1112 5466 Medlarur
1130 5413 1163 5468 de
1182 5433 1216 5470 eo

298 5474 409 5530 romulo
418 5473 446 5530 iu
457 5471 571 5542 epistola
583 5474 699 5546 quadam
710 5475 885 5546 querirerat·

1276 1425 1321 1528 [i.
1338 1455 1367 1506 e.
1386 1425 1512 1528 tute]
1535 1453 1549 1462 ·

1271 1795 1340 1872 No.
1355 1792 1469 1869 14100.

1276 1893 1449 1923 Μ

1396 2073 1409 2082 ,
1481 2009 1534 2046 ··
1603 1979 1925 2072 Pautouaero.

1374 2145 1458 2220 Epist.
1469 2145 1517 2206 lib.
1533 2145 1569 2200 11.
1584 2162 1611 2216 p.
1623 2145 1683 2198 tto.
1701 2142 1755 2212 (ed.
1768 2143 1859 2201 Lond.
1872 2143 1921 2204 lib.
1936 2143 1970 2205 ll.
1984 2161 2028 2216 ep.
2044 2143 2126 2214 150).

1481 2392 1485 2411 Ι
1561 2295 1615 2374 D.
1642 2279 1792 2375 Paulo
1823 2295 1975 2370 Ebero

1270 2427 1312 2518 S.
1345 2448 1391 2522 D.
1448 2443 1497 2522 Et
1529 2471 1594 2538 ago
1614 2445 1731 2522 Deum
1759 2460 1942 2520 aeternum
1964 2457 2101 2539 patrem
2124 2451 2266 2520 domini

1271 2551 1385 2621 nostri
1401 2547 1481 2622 lesu
1498 2545 1632 2621 Christi
1647 2573 1724 2634 oro,
1748 2561 1789 2622 ut
1808 2564 1843 2620 et
1859 2549 2020 2640 publicas
2031 2548 2217 2622 Ecclesiae
2236 2569 2266 2624 et

1272 2665 1368 2722 tuam
1384 2651 1610 2723 domesticam
1627 2664 1759 2734 servet,
1783 2661 1817 2721 et
1833 2664 1915 2723 tuae
1928 2651 2068 2740 coniugi
2086 2647 2266 2724 honesub-

1272 2753 1378 2826 simae
1404 2753 1556 2844 parienti
1580 2753 1682 2825 adsit.
1736 2748 1807 2822 'Eu
1830 2748 1935 2846 αὐιῷ
1955 2747 2030 2850 yrip
2054 2748 2180 2844 ζῶμεν
2203 2758 2264 2827 καὶ

1272 2848 1400 2946 ἐσμὲν,
1431 2849 1495 2926 καὶ
1515 2847 1746 2946 κιικιιύμεθα.
1786 2848 1943 2924 illustria
1964 2853 2164 2925 testimonia
2182 2871 2267 2928 sunt

1272 2955 1489 3046 praesentiae
1505 2953 1572 3026 Dei
1588 2956 1625 3024 in
1642 2977 1768 3044 genere
1783 2947 1963 3038 humano,
1992 2955 2075 3048 quia
2097 2956 2178 3026 aine
2203 2983 2265 3028 au-

1271 3057 1356 3128 xilio
1373 3054 1441 3128 Dei
1454 3057 1610 3148 profecto
1625 3080 1691 3126 nec
1702 3056 1837 3126 servari
1851 3055 1889 3124 in
1903 3056 2003 3142 alvo,
2031 3079 2096 3126 uec
2112 3057 2175 3127 edi
2192 3061 2265 3130 foe

1271 3171 1349 3241 tus,
1380 3181 1445 3230 nec
1464 3171 1584 3248 postea
1605 3156 1798 3228 incolumis
1820 3179 1894 3232 csse
1907 3168 2032 3248 potest·
2079 3141 2183 3230 llaec
2199 3160 2264 3230 im-

1270 3259 1442 3330 becillitas
1463 3260 1577 3330 foetus
1602 3280 1668 3329 nos
1691 3259 1736 3328 cle
1759 3257 1867 3330 totius
1885 3257 1977 3328 ritae
1992 3274 2132 3332 nocuae
2147 3261 2262 3332 imba-

1270 3359 1415 3430 cillitate
1447 3358 1746 3432 commonefaciat.
1809 3356 1943 3430 Sumus
1963 3360 2113 3434 omnino
2137 3387 2261 3432 omnes

1270 3461 1429 3554 squalida
1451 3474 1487 3530 et
1508 3461 1645 3550 fragilia
1666 3444 1788 3551 χόρια.
1821 3453 1997 3540 ¹Oramus
2018 3461 2127 3550 igitur
2146 3463 2262 3536 lilium

1270 3559 1336 3634 Dei
1357 3546 1469 3640 nbttu'
1492 3553 1678 3656 [Schiloh,
1708 3558 1837 3632 Gener.
1853 3557 1915 3646 49,
1937 3557 2033 3660 10.],
2057 3575 2097 3634 ut
2112 3563 2191 3656 ipse
2208 3567 2261 3634 iu-

1269 3665 1382 3736 duens
1393 3655 1504 3759 χόρια
1518 3675 1633 3734 servet
1645 3685 1685 3732 ac
1697 3674 1793 3752 regat
1809 3681 1888 3736 nos.

2086 1797 2261 1920 eae

1370 3807 1477 3900 Quod
1502 3807 1629 3879 misisti
1653 3807 1827 3902 pagellas,
1852 3823 1990 3900 gratum
2013 3803 2129 3885 babeo
2152 3815 2262 3888 tibiet

1269 3909 1415 3984 nuncio.
1459 3908 1505 3981 ln
1527 3911 1652 3981 itInere
1668 3911 1929 4002 interrogabam
1945 3913 2110 4002 comites,
2134 3941 2186 3990 an
2201 3913 2262 3988 lra-

1270 4015 1432 4084 bcremus
1449 4011 1669 4102 exemplum,
1695 4023 1730 4082 et
1743 4011 1826 4107 quia
1839 4011 2116 4104 desiderabatur,
2139 4019 2262 4090 decre-

1269 4137 1389 4186 veram
1407 4137 1449 4184 ex
1464 4105 1604 4185 Thebis
1622 4108 1648 4209 ¹)
1674 4113 1847 4185 nuncium
1862 4117 1906 4186 ad
1921 4127 1956 4186 te
1968 4117 2121 4194 mittere.
2173 4117 2263 4192 Eri-

1268 4215 1454 4288 stimabam
1480 4215 1575 4284 enim
1598 4214 1761 4285 relictum
1786 4237 1859 4288 esse
1881 4215 2073 4294 oblivione.
2124 4219 2201 4292 Sed
2223 4247 2264 4294 ex

1270 4319 1340 4391 tuis
1370 4317 1482 4390 literis
1511 4316 1693 4406 intelligo,
1722 4318 1884 4388 nondum
1904 4317 2013 4390 fuisse
2032 4321 2264 4414 desmiptum.

1268 4418 1361 4494 Dedi
1376 4411 1628 4490 lonchimicum
1644 4415 1675 4515 ²)
1695 4411 1902 4512 Sylvcstro,
1935 4419 1994 4490 cui
2011 4435 2105 4494 certe
2116 4439 2266 4516 propter

1270 4519 1915 4714 liiiliddidsall'iiieicieilisq‘iiieatiti·
1930 4517 2265 4700 elffigpdegiffi

1269 4726 1308 4796 in
1333 4722 1538 4794 oeconomia
1561 4735 1621 4795 tua
1642 4721 1876 4794 necessariam
1895 4745 1980 4798 esse.
2037 4723 2197 4798 Litteras
2220 4733 2264 4798 ad

1269 4848 1333 4896 vos
1347 4823 1468 4917 Lipsia
1489 4825 1623 4896 adferet
1638 4816 1901 4910 Baldusarus,
1926 4848 1967 4895 ac
1987 4826 2140 4896 scribam
2160 4825 2265 4912 ἀξιό-

1268 4931 1361 5025 loyce
1376 4923 1507 5004 omnia.
1556 4923 1629 4996 Nec
1645 4925 1824 5000 scribendi
1839 4926 1886 4996 ad
1902 4947 1966 4996 vos
1980 4926 2090 5018 ullam
2105 4933 2265 5002 oemio-

1267 5051 1349 5100 nem
1370 5028 1556 5120 negligam.
1605 5024 1802 5100 Facruuor
1822 5026 1930 5102 variis
1953 5027 2048 5100 curis
2071 5041 2107 5102 et
2124 5031 2266 5116 dolori·

1269 5216 1468 5234 m

1299 5322 1554 5461 1)ιιψεω1ι1111ιιιι,
1584 5320 1717 5398 oppidum
1741 5319 1775 5376 ad
1795 5319 1922 5397 Muldem
1944 5319 2016 5378 tate
2033 5319 2212 5398 Vitebergan
2236 5337 2263 5382 et

1297 5487 1326 5558 Ι)
1343 5485 1632 5556 Praenominum,
1649 5485 1723 5560 quot
1735 5503 1813 5544 error
1825 5485 1987 5561 typograpbi
1999 5495 2052 5543 eat.
