4602 6252
239 367 315 449 tot
845 356 1284 438 EPISTOLARUM
1333 357 1439 440 mu.
1476 359 1524 439 X.
1577 357 1712 438 1647.
2197 361 2253 438 lbi

242 555 300 614 cat
313 538 571 614 calamitatibus
585 561 764 634 oppressa.
816 537 911 610 Nam
930 537 1021 609 ratio
1045 537 1085 606 in
1099 532 1246 607 homine
1297 550 1381 608 sunt
1398 535 1480 605 illae
1499 537 1675 628 evangelii
1689 560 1811 608 voces:
1845 535 1981 608 bonum
1993 547 2045 609 est
2061 531 2162 626 milri,
2183 539 2249 638 quio

244 641 438 718 christiano
461 645 565 716 facile
588 645 734 738 quidem
758 642 942 728 concedit,
979 642 1073 711 mala
1100 639 1246 710 immitti
1297 632 1514 709 humiliasti
1532 662 1603 726 me,
1635 646 1675 708 ut
1698 634 1869 711 discerem
1892 636 2160 736 iustificationes
2181 651 2252 716 tues.

245 746 384 830 aDeo,
419 748 481 817 sed
504 761 624 819 tamen
646 749 694 818 ita
715 744 965 817 ratiocinatur:
997 740 1095 814 Deus
1119 757 1170 814 est
1190 766 1248 812 sa·
1296 735 1414 838 Quem
1438 735 1611 813 dominus
1635 738 1783 838 diligit,
1809 741 1969 844 corripit.
2020 737 2110 818 Cum
2133 745 2253 844 corripi-

244 851 359 946 piens,
384 850 516 938 iustus,
543 853 659 922 bonus
669 876 681 936 ;·
704 847 802 921 Deus
816 847 991 918 benefacit
1005 846 1120 934 bonis,
1143 845 1248 938 punit
1297 870 1400 934 mur,
1426 871 1450 914 a
1465 842 1633 917 Domino
1649 845 1888 944 corripimur,
1914 871 1959 918 ne
1974 870 2052 918 cum
2068 843 2131 924 hoe
2147 847 2254 920 mundo

245 969 363 1025 autem
374 967 408 1024 et
423 953 630 1028 oditmalos.
659 951 757 1023 Haec
774 964 825 1022 est
833 951 1107 1043 computationis
1116 947 1248 1034 Maior,
1297 943 1523 1024 damnemur.
1573 947 1623 1021 Et
1636 952 1726 1020 aliae
1741 951 2032 1026 innumerabiles.

246 1080 351 1150 quam
368 1055 497 1148 pmbat
511 1055 631 1126 Moses
645 1056 785 1126 dicens:
816 1047 1035 1123 maledictus
1050 1047 1259 1169 omnisqqi·
1400 1085 1523 1179 Imque
1545 1088 1617 1156 duo
1640 1100 1724 1160 sun,
1742 1101 1948 1178 argumenta
1971 1087 2119 1157 maxime
2141 1087 2255 1156 evim,

248 1181 322 1228 non
336 1153 516 1230 manserit
532 1172 596 1231 etc.
648 1157 819 1251 Sequitur
834 1153 976 1227 Minor:
1004 1155 1065 1225 Tu
1077 1176 1247 1246 premens
1297 1187 1361 1272 ὼ,
1387 1190 1844 1281 ᾳυθθιῃοηάρῃῇεῃὼιῃ
1868 1185 2256 1260 ωθχίωθωὴοῐωίὼ

247 1260 492 1380 yatllsmalssr
524 1283 613 1378 ‘1¹3³‘
629 1261 793 1352 quidem,
825 1259 1246 1377 cqmsenll‘lmufrnffl
1297 1289 1437 1364 bebant.
1470 1289 1576 1360 Prius
1590 1293 1634 1360 ab
1649 1292 1742 1366 utili.
1775 1290 1934 1362 Tantum
1948 1293 2064 1377 abest,
2088 1306 2127 1362 ut
2139 1305 2255 1360 noceant

248 1362 411 1452 indigent
427 1361 646 1453 probatione.
696 1361 904 1434 Concludit:
930 1357 1117 1450 ergoDeus
1131 1372 1165 1428 te
1179 1382 1248 1450 pu·
1297 1393 1525 1478 afflicqiones,
1551 1395 1717 1464 „multo
1737 1395 1848 1481 magis
1869 1395 1974 1464 etiam
1998 1396 2140 1484 prosim·
2184 1389 2254 1480 Esg,

248 1463 305 1534 ¹¹3²
328 1477 363 1532 ⁸²
385 1463 535 1581 wilri·
560 1487 590 1583 ,θ’
612 1463 690 1534 vuli
710 1477 744 1533 ²⁶
767 1463 947 1555 perditum
973 1476 1008 1532 “t
1027 1463 1246 1580 damnatum.
1296 1496 1472 1585 patienter
1488 1497 1665 1569 ferendae.
1716 1493 1806 1566 Nam
1825 1521 1915 1590 quae
1934 1495 2035 1566 utilia
2052 1511 2132 1567 sunt
2149 1495 2255 1564 illau-

248 1563 353 1636 ΗΜ
370 1578 676 1636 ¹³l¹⁰⁶¹¹¹³l¹⁰¹¹⁰¹¹¹
695 1566 930 1662 ⁶⁰¹FPr⁰b³¹¹t
946 1589 1026 1634 “¹¹¹⁰
1043 1564 1110 1634 ³1¹³
1129 1587 1247 1644 edem·
1298 1611 1476 1687 petuntur.
1528 1596 1710 1668 Posterius
1725 1599 1770 1668 ab
1786 1599 1919 1668 auxilio
1934 1599 2076 1686 divino,
2096 1593 2184 1691 qu'od
2199 1591 2256 1664 rhe-

249 1667 621 1786 plainnumef³bi1522
654 1668 899 1786 ‘umflffllcms
913 1667 961 1737 ila
976 1665 1177 1786 ⁶⁰f¹lsi⁸l²ffi
1191 1663 1247 1732 Vi·
1295 1695 1379 1769 thor
1406 1701 1551 1793 quidam
1569 1701 1702 1771 diceret
1724 1701 1870 1770 ductum
1896 1727 1915 1770 a
1939 1701 2035 1770 sacili
2058 1713 2092 1770 et
2119 1699 2255 1790 possibili.

250 1771 385 1855 demus,
410 1781 515 1838 utvrx
530 1770 640 1840 ullam
656 1773 844 1839 admittant
857 1769 1147 1852 consolatronem,
1170 1779 1246 1836 tum
1294 1799 1373 1871 Η00
1390 1805 1497 1871 modo
1515 1800 1671 1894 Spiritus
1689 1815 1830 1873 sanctus
1846 1806 1945 1880 adest
1958 1803 2063 1872 nobis
2078 1803 2216 1884 afflictis,
2234 1819 2256 1868 e,

250 1895 334 1989 V⁰F⁰
359 1870 523 1962 inprimis
544 1871 641 1966 ‘lumi
663 1895 733 1940 ¹³¹⁰
755 1872 871 1990 ‘iliam
893 1871 1142 1962 ΡΥἱκξῖὃεῑεΐὶἓ
1160 1893 1247 1988 ἳοῃ·
1296 1905 1440 1973 adiuvat
1455 1905 1698 1975 infirmitatem
1712 1919 1891 1990 nostram,
1917 1907 2011 1976 iuxta
2028 1906 2134 1976 illud:
2164 1899 2254 2000 Spiri-

250 1997 411 2065 Splffltlffl
430 1985 492 2042 0⁵1·
543 1971 622 2064 19⁵³e
639 1973 935 2057 V¹d¹¹¹¹⁰l¹⁰f⁰¹¹ir
971 1997 1060 2066 ‘luae
1084 1975 1132 2042 ⁰b
1154 1972 1246 2040 hbe·
1296 2000 1520 2075 tusadr'uvat
1537 2002 1788 2098 infirmitatem
1800 1993 1979 2078 nostram.
2016 2001 2254 2079 ltemllol1.6.:

250 2100 372 2146 rorum
395 2075 676 2144 inobedientiam
697 2101 737 2144 eo
760 2075 924 2146 tristitiae
941 2089 976 2144 et
994 2073 1248 2166 desperationis
1286 2102 1533 2199 fidelisDeus
1565 2107 1797 2206 quinosnon
1811 2108 2025 2203 palparem
2081 2109 2176 2178 uem:
2195 2129 2256 2202 pm,

249 2191 476 2270 pervenerat,
516 2190 557 2246 ut
578 2177 654 2246 dies
678 2191 869 2270 noctesque
891 2176 1059 2267 neglectis
1079 2175 1247 2246 omnibus
1294 2234 1338 2304 p,
1355 2220 1407 2280 m
1425 2165 1597 2281 damiam
1615 2209 2161 2282 omnibusimownlibumm·
2194 2209 2254 2278 qe„

1560 2370 1570 2399 ,
1604 2309 1706 2411 quod
1727 2308 1796 2384 hoc
1816 2308 1916 2383 mihi
1937 2321 2045 2385 cesset
2069 2312 2109 2382 in
2124 2307 2256 2382 salntem.

1560 2417 1737 2487 constanti
1757 2417 1877 2488 auimo
1893 2419 2058 2488 ferantur
2076 2415 2256 2486 afflictiones

1297 2516 1452 2588 Accedat
1472 2532 1507 2589 et
1522 2519 1635 2589 oratio
1652 2532 1687 2588 et
1708 2520 1810 2606 fides,
1844 2545 1933 2614 quae
1955 2520 2004 2590 ita
2021 2531 2152 2590 statuat
2165 2519 2201 2586 de
2214 2539 2256 2582 ro

1296 2621 1433 2692 luntate
1454 2617 1539 2706 Dei,
1572 2624 1873 2714 quemadmodum
1901 2622 2060 2715 Spiritus
2087 2617 2255 2692 sanctusin

1298 2724 1471 2813 scriptura
1485 2725 1642 2817 postulat
1657 2737 1693 2796 'et
1709 2725 1890 2817 praecipit,
1912 2727 2008 2796 iuxta
2019 2724 2129 2794 illud:
2151 2717 2255 2792 Imm

1297 2847 1352 2894 me
1377 2824 1417 2892 in
1441 2819 1500 2894 die
1518 2823 1775 2924 tribulationis
1800 2839 1866 2902 etc.
1929 2828 2001 2900 Sed
2029 2827 2141 2898 dicas:
2176 2823 2256 2892 exitu

1297 2942 1372 2998 acta
1395 2929 1537 3020 probat,
1571 2952 1637 2998 nee
1660 2943 1711 3000 est
1731 2932 1907 3001 malorum
1932 2931 2029 3016 finis;
2071 2925 2163 2998 Deus
2180 2925 2256 3015 igitur

1297 3059 1377 3104 cum
1399 3055 1473 3099 non
1488 3031 1636 3123 eripiat,
1669 3032 1885 3126 derelinquit
1901 3057 1969 3104 me.
2022 3025 2256 3124 Opponespri·
2287 3075 2288 3116 ,

1296 3161 1395 3210 mum
1415 3126 1599 3228 physicum
1626 3128 1708 3204 hoc:
1748 3149 1865 3206 caveat
1884 3128 1922 3231 *)
1954 3135 2171 3206 successibus
2191 3142 2256 3218 opto

1295 3239 1456 3332 quisquis
1471 3237 1516 3305 ab
1530 3248 1659 3306 eventu
1677 3238 1768 3307 sacta
1782 3240 1940 3307 notanda
1955 3251 2072 3327 putat.
2115 3233 2257 3308 Secundo.
2286 3229 2287 3289 l

1296 3341 1455 3432 exempla
1478 3333 1731 3431 prophetarum
1754 3354 1789 3410 et
1813 3335 2115 3431 patriarcharum,
2148 3331 2256 3410 ctist
2285 3385 2286 3460 q

1295 3441 1582 3535 Apostolorum,
1596 3443 1754 3534 adeoque
1772 3455 1974 3512 sanctorum
1990 3445 2168 3524 omnium,
2196 3459 2256 3530 quo

1295 3571 1375 3616 rum
1400 3545 1516 3614 maior
1540 3567 1620 3635 pars
1646 3544 1778 3614 iudicio
1802 3538 1990 3616 hominum
2012 3543 2203 3616 foedissime
2215 3560 2255 3630 pe

1295 3648 1368 3721 riit.
1420 3645 1545 3716 Tertio
1569 3647 1661 3715 dicta
1684 3646 1896 3738 scripturae,
1928 3647 2034 3739 quale
2057 3663 2109 3720 est
2131 3639 2211 3738 Pbil.
2225 3643 2255 3708 b·
2283 3725 2284 3730 ἵ

1295 3747 1390 3834 scio,
1424 3742 1527 3844 quod
1550 3742 1649 3816 milri
1673 3743 1767 3817 cedet
1791 3743 2027 3818 adsalutem
2050 3774 2117 3849 per
2137 3753 2254 3816 vestran
2283 3737 2284 3801 l

1293 3849 1537 3946 precationem
1561 3860 1592 3919 et
1611 3847 1992 3920 subministrationem
2010 3849 2157 3948 Spiritu
2170 3839 2254 3916 S.lt·
2282 3889 2283 3972 q

1294 3978 1340 4023 su
1364 3944 1521 4025 Christi.
1578 3948 1677 4024 Audi
1698 3951 1852 4025 Paulum
1884 3955 1991 4024 etiam
2023 3951 2154 4027 habere
2173 3948 2255 4020 Deum

1295 4057 1490 4148 propitium
1511 4056 1550 4125 in
1571 4069 1695 4126 morte.
1744 4053 1792 4124 Et
1810 4057 1938 4126 mulier
1955 4057 2038 4142 illa,
2070 4059 2282 4141 euiussupttt

1294 4161 1361 4229 feci
1380 4159 1611 4244 mentionem,
1637 4157 1780 4226 tandem
1797 4159 1975 4230 consolata
1990 4163 2138 4230 excessit
2152 4149 2256 4226 eretis
2280 4249 2281 4254 ἵ

1295 4261 1495 4330 firmissima
1510 4261 1589 4335 fide.
1617 4315 1619 4326 .
1641 4257 1694 4330 lta
1710 4283 1775 4328 nos
1793 4285 1934 4354 quoque
1950 4263 2154 4335 sentiamus.
2178 4250 2256 4344 Qutl
2280 4259 2281 4311 l

1294 4377 1335 4434 ut
1355 4364 1549 4456 possimus,
1589 4376 1750 4432 aeternus
1773 4375 1873 4454 pater
1902 4363 2042 4433 domini
2073 4362 2181 4436 nostri
2203 4355 2255 4426 lesu

1293 4461 1428 4536 Christi
1446 4465 1543 4538 laxit.
1577 4459 1704 4534 Amen.
2277 4503 2279 4656 q

250 2281 357 2350 rebus
371 2279 507 2348 sederet
521 2292 557 2349 et
580 2277 708 2350 ia'ceret
724 2280 958 2370 cogitabunda
980 2292 1086 2369 prout
1101 2291 1175 2348 erat
1191 2277 1247 2346 lo·
1296 2313 1353 2386 ps·
1373 2314 1451 2387 333
1480 2312 1554 2383 scis

250 2395 348 2466 cata,
381 2375 475 2450 nihil
489 2382 595 2450 edens
612 2396 647 2452 et
667 2382 793 2451 bibens
810 2383 878 2450 nisi
902 2383 944 2450 ad
963 2405 1001 2450 os
1018 2382 1063 2449 ab
1079 2380 1159 2450 aliis
1179 2378 1248 2498 im·
1296 2413 1392 2506 Ergo
1409 2416 1495 2487 soni
1512 2432 1544 2487 et

250 2483 383 2576 posita,
410 2482 471 2551 sed
488 2483 659 2553 continuo
677 2507 718 2552 ex
734 2478 810 2554 imo'
821 2497 960 2575 pectore
982 2485 1115 2552 ducens
1131 2505 1248 2572 suspe-

250 2587 316 2656 ria.
367 2581 416 2654 Et
431 2579 518 2654 haec
534 2597 570 2654 et
584 2585 714 2656 similia
729 2597 811 2655 sunt
827 2585 928 2670 talia,
961 2609 1051 2678 quae
1067 2608 1142 2654 non
1164 2607 1248 2676 pos-

238 2700 337 2762 sunt
370 2710 444 2755 non
480 2680 661 2756 hominem
696 2688 836 2776 adigere
871 2690 915 2758 ad
951 2687 1247 2778 desperationem.

251 2787 374 2878 Quid?
407 2785 549 2879 Ergone
565 2790 651 2858 laisa
666 2783 751 2858 haec
765 2789 872 2859 sunt?
904 2788 977 2860 Lex
992 2790 1121 2880 scripta
1137 2789 1246 2858 verbo

249 2888 318 2962 Dei
336 2903 370 2960 et
383 2890 494 2978 digito
508 2886 577 2960 Dei
594 2891 739 2960 nomine
753 2885 923 2984 prohibet
943 2891 1071 2962 falsum
1089 2893 1249 2961 testimo-

250 2993 363 3064 nium.
421 2991 518 3062 Num
550 2993 660 3082 igitur
694 2993 979 3084 desperandum?
1012 2991 1245 3086 Neutiquam!

251 3093 351 3184 Quin
373 3095 492 3186 potius
515 3094 552 3162 in
572 3096 760 3164 consilium
785 3092 1028 3166 adhibendum
1055 3095 1122 3165 erit
1140 3119 1248 3164 evan-

250 3197 403 3288 gelium,
435 3197 533 3289 quod
555 3211 621 3282 est,
652 3212 692 3268 ut
706 3198 753 3268 ita
769 3199 905 3280 dicam,
930 3198 1000 3288 legi
1018 3196 1246 3271 contrarium.

250 3299 493 3388 Quamobrem
508 3299 599 3368 sicut
616 3300 747 3392 duplex
763 3313 812 3369 est
830 3300 1010 3370 doctrinae
1025 3323 1156 3389 genus,
1192 3300 1246 3367 lex

250 3401 383 3473 scilicet
406 3413 440 3470 et
461 3398 718 3490 Evangelium,
753 3403 803 3473 ita
826 3400 1015 3492 dupliciter
1037 3401 1141 3471 etiam
1166 3425 1248 3470 sen-

251 3503 412 3572 tiendum
437 3515 489 3572 est
512 3503 555 3572 de
576 3503 840 3576 afflictionibus.
906 3503 1112 3574 Secundum
1133 3502 1246 3592 legem

249 3605 460 3676 afflictiones
483 3617 567 3676 suut
590 3605 690 3694 signa
713 3606 786 3675 irae
810 3605 898 3690 Dei,
931 3617 1037 3699 atque
1061 3606 1246 3696 supplicia.

249 3705 320 3778 Sed
335 3707 530 3776 secundum
540 3708 762 3798 evangelium
777 3721 860 3779 sunt
875 3707 972 3797 signa
986 3708 1246 3776 misericordiae

248 3808 316 3879 Dei
332 3820 366 3878 et
378 3807 548 3878 beneficia
566 3832 716 3882 summa.
770 3807 869 3882 quta
882 3811 993 3900 legem
1012 3807 1102 3879 iuste
1118 3809 1247 3898 aflligi-

248 3933 350 3994 mur,
375 3934 441 3979 nee
455 3923 570 4001 potest
586 3910 661 3984 ulla
678 3935 762 3982 crux
782 3937 854 3982 esse
870 3913 953 3982 satis
968 3936 1113 4002 magua3
1149 3913 1246 3981 iuxta

248 4011 470 4100 evangelium
480 4037 562 4082 vero
578 4012 720 4085 iniuste.
753 4012 832 4085 Hoc
846 4015 942 4084 enim
958 4027 1115 4098 testatur,
1138 4009 1247 4084 Choi-

250 4126 343 4182 stum
368 4111 483 4184 lesum
511 4116 632 4185 datum
658 4117 838 4186 victimam
865 4141 931 4208 pro
958 4118 1106 4207 peccatis
1136 4116 1245 4186 totius

249 4214 396 4297 mundi,
435 4237 586 4307 eumque
611 4241 683 4288 esse
705 4243 856 4308 agnunn
895 4219 958 4312 qui
981 4217 1083 4289 tollat
1106 4232 1245 4309 peccata

249 4316 387 4387 mundi.
441 4313 548 4404 Quod
568 4317 597 4384 si
621 4333 671 4388 est
693 4321 850 4390 ablatum
866 4333 1068 4412 peecatum,
1096 4319 1245 4413 tollique

247 4418 380 4512 peccati
398 4441 514 4510 poena
537 4417 643 4488 debet
652 4443 661 4503 ;
689 4445 728 4488 ea
743 4436 794 4489 est
809 4446 904 4492 mors
920 4437 954 4493 et
968 4423 1094 4492 mortis
1110 4423 1245 4492 instm-

163 4571 183 4612 ,.
247 4535 376 4593 menta.
441 4517 562 4608 Quare
585 4543 667 4610 ergo
691 4521 906 4612 affligimur?
942 4523 991 4595 Ut
1012 4525 1245 4596 mortificetur

248 4639 346 4694 vetus
360 4617 481 4702 homo,
509 4636 543 4692 et
557 4645 697 4713 semper
710 4625 819 4712 magis
834 4627 1013 4718 magisque
1028 4641 1159 4696 crescat
1176 4652 1245 4708 no·
1302 4677 2119 4693 ..-.-.--.-.---.-......-.-.......
2139 4677 2180 4686 .-

247 4749 328 4809 vus,
354 4725 416 4817 qui
433 4725 540 4826 semel
557 4725 672 4815 coepit
687 4729 886 4816 regenerari
900 4729 938 4796 in
953 4730 1139 4820 baptismo,
1152 4727 1244 4824 'quia

247 4828 353 4896 etiam
370 4828 532 4898 noudum
550 4853 587 4898 re
605 4827 699 4918 ipsa,
734 4829 795 4897 sed
810 4853 871 4919 spe
889 4833 1137 4900 tantummodo
1154 4831 1243 4900 salvi
1305 4821 1503 4896 Nestoi.

247 4927 329 4997 facti
344 4951 474 5000 sumus.
527 4925 575 4999 Et
589 4953 687 5020 spes,
713 4955 804 5024 quae
818 4933 975 5016 videtur,
997 4957 1071 5001 non
1088 4948 1138 5004 est
1152 4957 1241 5023 spes.

246 5025 295 5100 Et
312 5043 456 5096 manent
470 5030 640 5122 reliquiae
656 5033 800 5121 peccati,
827 5038 1006 5127 quae‘non
1026 5035 1093 5103 nisi
1110 5035 1242 5104 crebris
1289 5009 1476 5091 IOGMCS
1492 5007 1742 5092 Ill‘ldffl‘lffld
1760 5009 1822 5093 ad
1843 5009 2091 5124 Theologos
2102 5001 2257 5100 Willi-

245 5129 502 5200 tentationibus
534 5144 569 5200 et
596 5133 850 5206 afflictionibus
874 5137 1058 5225 repurgari
1083 5152 1241 5226 possunt.
1359 5166 1431 5232 qn.
1445 5185 1537 5236 mgr,
1555 5167 1582 5220 in
1597 5169 1660 5222 cod.
1677 5167 1762 5222 Goth.
1774 5169 1816 5221 28.
1834 5189 1862 5239 ρ.
1875 5171 1919 5224 re.
1955 5169 2033 5224 usne
2046 5171 2179 5238 epistotam
2193 5163 2257 5218 sm-

245 5231 472 5322 Quapropter
479 5232 589 5303 veteri
604 5229 741 5306 homini
756 5263 839 5309 crux
857 5250 908 5308 est
923 5261 1037 5328 poena
1056 5251 1090 5308 et
1104 5239 1241 5330 suppli-
1393 5239 1446 5290 Μ·
1460 5241 1488 5293 ¹¹¹
1501 5243 1526 5292 i·
1539 5239 1696 5318 ”militm
1711 5241 1850 5322 wien
1865 5255 1910 5308 tut
1922 5239 2009 5321 Qen-
2025 5247 2049 5294 ὃ·
2062 5243 2194 5320 etractus,
2215 5245 2255 5282 ³0³

244 5335 356 5415 dmm
397 5332 499 5402 illum
529 5332 625 5403 enim
654 5353 793 5430 oportet
817 5341 926 5426 mom
963 5364 1056 5409 novo
1081 5365 1164 5409 vero
1189 5355 1240 5410 est
1307 5347 1311 5356 .
1393 5305 1487 5368 hebet,
1506 5319 1533 5360 et
1547 5307 1606 5365 bre,
1628 5317 1761 5378 quantum
1775 5327 1893 5375 scamus,
1913 5328 2032 5379 prensum
2047 5309 2145 5362 edetur.

244 5435 455 5506 beneficium
477 5448 633 5516 tantum,
667 5455 838 5530 quantum
855 5441 915 5510 vix
940 5443 979 5510 in
1002 5435 1068 5512 hae
1084 5443 1155 5512 vita
1177 5465 1238 5511 co·
1288 5462 1516 5478 ··*·*··-

245 5537 349 5628 gitari
365 5550 491 5630 potest.
532 5535 650 5608 'Hunc
665 5541 761 5612 enim
778 5558 1095 5636 oportetcrescere.
1141 5483 1267 5616 Hincl
1324 5567 1356 5637 a)
1375 5565 1445 5624 cod.
1461 5565 1545 5620 Goth.
1560 5566 1622 5620 ese.
1638 5575 1745 5622 careae.

2150 4843 2179 4900 1,
2191 4824 2254 4890 ditet.

2145 4913 2254 4948 „n
