4754 6260
158 267 162 279 ’
259 326 336 400 aer
772 357 774 366 ›
856 289 1291 396 nrtsrotnn'unt
1343 319 1523 400 murt
1577 321 1709 401 ests.
2222 325 2289 398 ses

262 513 334 571 tem
366 499 535 569 adversus
565 477 712 567 heredes
744 517 887 588 rapaces
912 507 975 566 aut
998 493 1257 579 fraudulentos,
1303 493 1351 566 do
1368 493 1515 589 politico
1530 494 1675 582 ordine,
1700 519 1798 568 nunc
1813 497 1857 568 de
1872 496 2068 568 iistantum
2084 494 2211 581 dicam,
2235 497 2291 590 qui

263 601 327 695 qui
351 601 408 670 vel
431 599 486 685 vi,
517 599 575 668 vel
596 599 743 683 fraude,
768 610 901 668 ceteros
924 593 1071 667 heredes
1096 607 1257 668 excutere
1303 599 1555 692 superstitione
1575 601 1730 694 quadem
1753 612 1971 687 asseverant,
1994 610 2120 670 contra
2135 594 2290 689 Evange-

264 715 486 774 conarentur.
543 699 635 774 Cum
659 699 769 790 igitur
789 701 970 771 actionum
994 699 1261 772 constituenda·
1304 699 1394 772 llum
1410 703 1525 772 facere
1540 723 1611 784 eos,
1638 701 1778 795 quiaut
1791 724 1847 772 res
1864 725 1955 788 suas,
1980 715 2043 774 aut
2057 701 2292 772 defensionen

263 829 345 876 rum
360 816 394 874 et
409 803 724 874 discernendarum
740 804 926 873 necessitas
940 801 980 871 in
996 815 1188 894 conspectu
1203 801 1261 886 sit,
1305 803 1345 872 in
1366 803 1508 875 iudiciis
1528 816 1664 896 petunt.
1713 796 1822 874 Hunc
1836 827 1993 874 errorem
2008 803 2104 875 vitae
2119 803 2292 888 communi

264 930 340 982 non
357 901 473 976 solum
489 907 641 976 amanda
659 917 710 974 est
726 905 906 990 doctrina,
932 927 1022 998 quae
1039 905 1187 975 decisa
1205 925 1260 972 sa·
1305 906 1543 999 perniciosum
1557 929 1641 992 esse,
1662 927 1769 976 nemo
1786 929 1863 976 non
1876 907 1985 980 videt.
2019 903 2089 977 Sed
2105 901 2291 976 bocmulto

264 1007 493 1101 pientissimis
507 1001 713 1078 hominibus
733 1007 860 1077 tradita
877 1019 947 1095 est,
972 1008 1033 1076 sed
1049 1006 1155 1077 etiam
1171 994 1261 1076 Phi·
1305 1008 1458 1080 atrocius
1472 1022 1543 1090 est,
1568 1009 1665 1102 quod
1681 1009 1787 1080 etiam
1802 1011 1970 1079 adversus
1982 1004 2100 1078 Deum
2114 1021 2292 1079 coutume-

266 1105 430 1201 losopbia
459 1110 498 1178 iu
526 1109 816 1203 eis'quaerenda.
873 1106 966 1178 Cum
988 1109 1085 1178 enim
1105 1108 1261 1179 actiones
1305 1111 1417 1180 liosus
1431 1123 1494 1183 est.
1545 1108 1638 1180 Nam
1654 1107 1908 1200 Evangelium,
1934 1111 2031 1204 quod
2050 1122 2230 1180 aeternam
2242 1110 2292 1180 iu-

268 1213 455 1304 praecipue
479 1212 550 1281 sint
568 1211 660 1281 vitae
677 1210 858 1296 rectrices,
883 1233 1023 1280 necesse
1040 1225 1092 1282 est
1108 1235 1165 1280 eas
1180 1233 1262 1302 par·
1306 1211 1438 1284 stitiam
1460 1212 1597 1298 adfert,
1621 1213 1700 1284 vult
1720 1236 1786 1283 nos
1807 1211 1952 1283 inlerirb
1966 1206 1997 1305 ²)
2022 1211 2061 1280 in
2084 1205 2151 1282 hac
2172 1211 2291 1282 vitain

266 1315 389 1385 timer
406 1314 583 1403 decalogo,
606 1313 736 1403 partim
753 1337 794 1382 ex
811 1313 890 1383 luce
903 1325 1062 1399 naturae,
1088 1336 1179 1407 quae
1199 1314 1263 1380 de·
1306 1313 1450 1407 politica
1469 1314 1632 1412 societate
1650 1315 1789 1400 vivere,
1814 1307 2000 1386 ostendere
2013 1313 2218 1384 testimonia
2232 1335 2292 1383 no-

269 1417 430 1504 calogum
453 1415 621 1506 explicet,
647 1428 749 1484 natas
771 1437 855 1489 esse.
881 1411 985 1485 ‘Hos
1006 1417 1122 1488 fontes
1144 1428 1198 1498 et,
1222 1426 1263 1483 ut
1307 1431 1398 1488 strae
1427 1417 1682 1502 invocationis,
1722 1431 1757 1487 et
1785 1439 1945 1488 exercere
1967 1414 2084 1485 officia
2107 1416 2292 1486 multarum

267 1518 317 1587 ita
330 1517 468 1604 dicam,
493 1517 810 1587 demonstrationes
825 1518 1047 1588 considerare
1065 1530 1157 1587 certe
1173 1511 1264 1586 Phi·
1306 1519 1497 1590 virtutum:
1530 1541 1570 1588 ac
1594 1543 1669 1588 non
1692 1519 1808 1590 solum
1829 1543 1904 1589 non
1920 1518 2057 1603 abolet,
2081 1539 2148 1586 nec
2168 1517 2293 1610 impm-

267 1612 431 1712 losopbia
458 1632 509 1689 est
536 1642 612 1688 nou
641 1617 801 1689 insuavis
825 1621 930 1690 bonis
951 1619 1114 1711 ingeniis.
1170 1613 1263 1688 Cum
1307 1621 1369 1692 bat
1390 1621 1504 1690 civilis
1526 1621 1619 1691 vitae
1643 1621 1794 1711 gradus,
1829 1623 1890 1691 sed
1915 1619 2027 1690 multo
2052 1620 2165 1709 magis
2186 1631 2293 1702 ornat,

264 1735 383 1792 autem
413 1715 479 1791 bos
504 1722 620 1793 foutes
642 1721 923 1812 adspexerimus,
955 1735 1032 1793 tum
1057 1745 1143 1790 vero
1164 1720 1264 1788 iuvat
1308 1748 1415 1817 quam
1430 1723 1504 1792 ulla
1521 1718 1677 1793 humana
1694 1723 1867 1814 sapientia
1882 1745 2011 1792 ornare
2023 1733 2174 1814 poterat.
2224 1717 2294 1791 Ad-

267 1824 427 1896 conferre
451 1821 593 1916 politias
608 1836 644 1892 et
659 1822 799 1908 videre,
824 1825 889 1894 ubi
905 1824 1041 1896 diutius
1055 1820 1263 1914 disciplinae
1308 1828 1425 1897 firmat
1444 1826 1560 1906 enim,
1586 1825 1655 1897 Dei
1673 1825 1884 1896 beneficium
1907 1846 1980 1894 esse
2002 1823 2189 1914 politicum
2204 1821 2294 1894 ordi·

267 1925 435 2025 severitas
464 1925 645 1997 manserit
706 1921 824 1995 Attica
854 1927 979 1997 civitas
1009 1926 1114 1995 initio
1145 1946 1264 1992 severe
1309 1951 1403 2000 nem.
1461 1923 1511 1996 Et
1532 1950 1748 2021 quamquam
1770 1927 1925 1998 existunt
1947 1926 2080 1996 multae
2103 1920 2295 1995 horrendae

268 2026 411 2121 punivit
432 2027 627 2119 impiorum
647 2027 802 2112 furores,
833 2028 895 2120 qui
917 2026 1179 2122 providentiam
1201 2049 1266 2094 ne·
1306 2025 1540 2100 'confusiones‘
1556 2030 1804 2119 imperiorum,
1834 2051 1920 2120 quas
1942 2028 1999 2096 vel
2022 2025 2207 2118 diabolus,
2239 2024 2294 2119 qui

268 2131 419 2220 gabant,
443 2128 613 2199 libidines
631 2128 737 2198 etiam
756 2129 858 2199 iustis
873 2130 1054 2222 suppliciis
1069 2113 1266 2199 cohercuit?
1310 2141 1362 2202 est
1376 2126 1669 2224 ἐπιχαιρεκακὸς,
1700 2130 1784 2200 odio
1799 2126 1868 2198 Dei
1884 2142 1919 2199 et
1934 2125 2131 2214 Ecclesiae,
2142 2126 2217 2198 -vel
2232 2123 2295 2197 hu-

268 2244 407 2324 postea,
440 2231 554 2300 laxata
578 2229 788 2322 disciplina,
823 2245 955 2325 quanta
979 2233 1049 2303 fuit
1069 2229 1265 2322 petulantia
1309 2257 1416 2304 mana
1430 2233 1655 2303 imbecillitas
1670 2232 1811 2302 excitat:
1845 2245 1983 2324 tamen,
2005 2253 2050 2298 ne
2067 2253 2215 2320 prorsus
2231 2229 2296 2298 dis-

270 2335 458 2404 doctorum
484 2345 519 2401 et
540 2332 769 2402 indoctorum
790 2334 830 2402 in
855 2335 1049 2412 deridenda
1072 2332 1266 2427 providen·
1310 2337 1445 2428 sipetur
1458 2330 1615 2404 humana
1630 2334 1794 2414 societas,
1819 2333 1915 2402 solus
1931 2329 2029 2401 Deus
2042 2330 2170 2416 efficit,
2198 2326 2295 2426 qui³)

272 2435 345 2505 tia?
378 2449 511 2528 quanta
540 2435 579 2504 in
605 2435 766 2505 moribus
795 2437 1033 2528 plurimorum
1057 2433 1267 2528 turpitudo?
1311 2439 1429 2531 aliqua
1459 2448 1573 2506 servat
1598 2450 1633 2507 et
1657 2435 1811 2506 servabit
1832 2429 2010 2504 Ecclesiae
2033 2455 2116 2503 suae
2136 2428 2296 2524 hospitia,

270 2533 362 2608 Cum
377 2549 496 2607 autem
507 2548 642 2607 veteres
658 2537 810 2628 politias,
836 2540 940 2630 leges,
965 2540 1083 2630 legum
1103 2561 1143 2608 ac
1159 2536 1267 2606 disci·
1311 2564 1400 2634 quae
1420 2539 1557 2628 legibus
1578 2552 1615 2609 ct
1633 2538 1712 2608 iure
1728 2535 1927 2607 consociata
1940 2535 2118 2619 defendit,
2143 2559 2187 2605 ac
2204 2556 2296 2626 prae-

270 2637 390 2732 plinae
419 2638 723 2724 labefactationes,
756 2639 890 2712 excidia
915 2642 1062 2713 urbium
1086 2655 1120 2712 et
1143 2631 1267 2711 ruinas
1312 2641 1415 2734 cipit,
1440 2654 1481 2710 ut
1501 2665 1568 2710 nos
1584 2641 1881 2722 nidosamemus,
1907 2649 1940 2706 ει
1954 2637 2091 2726 legibus
2104 2659 2146 2706 ae
2165 2634 2295 2707 iudiciis

270 2741 502 2832 imperiorum
530 2741 815 2827 consideramus,
852 2745 1037 2814 manifesta
1064 2741 1266 2816 testimonia
1312 2755 1526 2823 reverenter,
1550 2757 1720 2836 tanquam
1741 2735 1882 2811 divinae
1898 2738 1989 2820 voci,
2014 2761 2217 2831 pareamus,
2240 2760 2296 2806 nec

270 2843 488 2936 praesentiae
508 2840 577 2913 Dei
606 2843 646 2912 in
669 2839 736 2912 hac
756 2843 850 2915 vitae
873 2847 1130 2937 gubernatione
1152 2844 1268 2914 cerni-
1312 2844 1477 2916 ordinem
1508 2845 1601 2914 vitae
1633 2840 1764 2915 nostris
1790 2840 2063 2932 cupiditatibus,
2096 2853 2162 2910 aut
2186 2853 2324 2912 nostra'

255 2969 362 3034 mus.
418 2943 501 3015 Non
530 2968 632 3029 casu,
661 2951 724 3016 aut
746 2959 885 3016 tanturn
910 2962 1056 3041 propter
1078 2933 1268 3036 chrporum
1313 2938 1658 3045 πολυπραγμοσύνῃ
1682 2943 1945 3038 conturbemus.
1996 2940 2069 3013 Sed
2087 2944 2132 3012 de
2151 2937 2219 3014 hac
2232 2953 2297 3012 tota

272 3047 512 3118 necessitatem
523 3047 696 3117 confluxit
710 3042 898 3117 hominum
910 3051 1118 3136 multitudo,
1133 3072 1198 3118 nec
1210 3069 1268 3116 ca·
1313 3050 1520 3144 quaestione
1546 3072 1647 3139 saepe
1670 3048 1757 3118 alia's
1779 3071 1798 3116 a
1822 3044 1929 3115 nobis
1946 3044 2171 3127 dictumest,
2196 3057 2231 3114 et
2245 3065 2297 3112 ex-

273 3173 315 3219 su
329 3151 475 3220 societas
492 3147 607 3218 civilis
621 3150 744 3219 durat:
770 3149 832 3220 sed
849 3146 947 3220 Deus
966 3164 1000 3221 et
1016 3165 1134 3221 coetus
1150 3146 1268 3219 homi·
1313 3150 1457 3244 plicatio
1484 3176 1526 3220 ex
1553 3150 1647 3220 veris
1676 3163 1711 3219 et
1731 3147 1844 3218 firmis
1863 3147 2106 3217 fundamentis
2131 3155 2298 3216 exstructo

273 3275 362 3322 num
379 3250 612 3333 consociavit,
638 3263 806 3326 et.custos
821 3264 873 3321 est
886 3252 997 3324 iustae
1015 3251 1209 3336 societatis,
1234 3265 1269 3349 et
1313 3268 1375 3339 est,
1400 3277 1508 3348 quam
1527 3254 1670 3346 quidem
1686 3248 1791 3327 bouis
1808 3263 1841 3320 et
1853 3251 2019 3341 prodesse
2035 3260 2070 3318 et
2081 3249 2298 3341 profuturam

274 3353 435 3438 civitates
449 3377 488 3428 ac
504 3352 667 3443 imperia,
691 3376 772 3422 cum
789 3353 999 3446 disciplinae
1015 3357 1167 3427 tuendae
1184 3378 1267 3424 cura
1312 3379 1393 3436 esse,
1409 3356 1636 3438 nondubito.
1686 3351 1778 3424 Cum
1793 3363 1912 3422 autem
1928 3346 2014 3420 baec
2029 3349 2226 3420 necessaria
2242 3349 2300 3418 do-

275 3449 426 3524 extincta
444 3448 550 3548 est¹),
573 3450 809 3538 horribilibus
824 3457 991 3549 exemplis
1008 3457 1133 3528 evertit
1146 3469 1180 3526 et
1196 3457 1269 3550 ἀίε-ἱ
1314 3459 1428 3528 ctrina
1447 3470 1549 3526 antea
1566 3450 1823 3527 monachorum
1842 3453 2008 3523 sordibus
2021 3451 2173 3538 obruta,
2205 3474 2298 3543 pror-

276 3555 378 3647 sipat.
432 3553 551 3643 Quod,
576 3580 659 3626 cum
672 3556 894 3627 verissimum
910 3581 950 3629 ac
965 3559 1198 3630 certissimum
1215 3557 1270 3643 sit,
1315 3585 1373 3631 sus
1393 3559 1434 3627 in
1454 3559 1610 3630 tenebris
1632 3556 1795 3642 iacuerit,
1825 3578 1922 3625 nunc
1945 3577 2035 3648 quae
2050 3553 2164 3644 gratia
2179 3548 2300 3623 nostris

275 3657 542 3728 assuefaciamus
562 3657 700 3727 animos
725 3661 769 3727 ad
791 3661 908 3748 legum
923 3660 1199 3754 disciplinaeque
1214 3683 1270 3728 re-
1314 3660 1493 3744 Ecclesiis,
1518 3660 1558 3728 in
1574 3661 1705 3753 quibus
1718 3654 1805 3727 haec
1817 3670 1910 3726 recte
1922 3655 2092 3749 patefacta
2107 3669 2205 3740 sunt,
2225 3654 2300 3723 red·

275 3759 491 3843 verentium,
518 3772 552 3830 et
572 3761 693 3829 frenos
714 3761 968 3851 cupiditatibus
984 3763 1115 3834 nostris
1131 3763 1268 3832 iniicia·
1314 3766 1438 3848 datur,
1461 3761 1634 3832 videmus.
1685 3759 1756 3832 Sed
1780 3758 1949 3828 usitatum
1974 3757 2085 3827 estin
2107 3751 2300 3828 hachomi-

264 3885 374 3952 mus,
400 3874 435 3932 et
449 3861 693 3935 moderatione
709 3863 911 3936 animorum
928 3866 1083 3957 primurn
1099 3862 1176 3935 Deo
1192 3865 1270 3958 pla·
1314 3889 1402 3936 num
1425 3866 1615 3957 pravitate,
1640 3863 1737 3956 quod
1757 3860 1845 3930 dicit
1858 3857 2052 3930 Pindarus:
2078 3853 2221 3930 παλαιὰ
2235 3851 2300 3957 γὰρ

1577 4019 1587 4051 ,
1668 3986 1828 4057 vapores
1841 3955 1882 4034 ds*
1899 3954 2043 4057 βροτοί.
2086 3957 2172 4031 Erit
2190 3973 2299 4032 tamen

277 4063 356 4134 loco
388 4067 537 4159 quisque
566 4079 701 4159 potest,
742 4067 865 4138 invare
894 4071 1109 4142 studeamus.
1167 4067 1271 4140 Hanc
1315 4069 1391 4141 Deo
1415 4093 1534 4154 curae,
1566 4091 1612 4135 ne
1630 4067 1758 4136 veritas
1773 4064 1909 4156 abipso
1925 4075 2120 4134 monstrata
2134 4064 2301 4142 deleatur,

277 4165 391 4256 ipsam
411 4162 676 4259 philosophiam
691 4169 730 4236 in
744 4163 802 4238 his
817 4171 1015 4241 actionibus
1032 4185 1067 4242 ει
1081 4172 1271 4244 collatione
1300 4196 1405 4266 ¹neve
1436 4171 1579 4262 piorum
1608 4169 1747 4237 labores
1775 4167 1899 4236 inanes
1921 4165 2006 4239 sint:
2061 4162 2170 4236 Nunc
2193 4177 2300 4234 autem

278 4269 431 4339 duarum
445 4265 764 4360 pulcherrimarum
781 4271 976 4359 civitatum,
991 4268 1128 4345 Atticae
1146 4289 1181 4345 et
1196 4272 1272 4345 Ro·
1317 4271 1403 4344 haec
1416 4272 1571 4356 recitavi,
1597 4283 1648 4354 ut,
1673 4269 1737 4363 qui
1752 4269 1891 4339 discunt
1905 4269 2083 4339 forensem
2099 4268 2303 4348 doctrinam,
2357 4307 2358 4310 =

279 4392 416 4454 manae,
438 4369 544 4440 etiam
557 4373 711 4462 proponi
725 4373 1008 4445 animadvertent
1022 4375 1183 4458 studiosi,
1210 4375 1270 4469 qui
1316 4371 1403 4446 haec
1425 4376 1616 4465 cogitantes
1637 4395 1711 4442 non
1734 4371 1850 4441 solum
1871 4370 1983 4460 magis
1999 4368 2116 4439 studio
2134 4392 2202 4440 suo
2216 4367 2304 4438 dele·

280 4471 428 4541 consilia
443 4484 601 4541 veterum
618 4473 863 4563 intuebuntur,
889 4478 952 4571 qui
966 4477 1120 4548 actiones
1136 4479 1185 4548 ita
1199 4479 1272 4546 dis-
1317 4491 1473 4564 ctentur,
1496 4477 1558 4546 sed
1579 4474 1687 4545 etiam
1709 4473 1866 4542 referant
1886 4494 1969 4542 suos
1990 4471 2131 4542 labores
2149 4471 2197 4542 ad
2215 4465 2302 4540 bunt

279 4574 494 4646 tribuerunt.
543 4569 719 4646 Existimo
744 4589 879 4665 autem,
901 4594 1073 4653 vetustam
1094 4581 1193 4650 illam
1206 4575 1274 4649 At·
1316 4581 1442 4665 finem,
1468 4591 1525 4661 ut,
1550 4585 1629 4648 cum
1645 4587 1834 4665 agnoscent
1846 4573 1992 4673 politica
2007 4573 2121 4644 officia
2137 4569 2217 4650 Deo
2234 4571 2305 4664 pla-

246 4699 248 4710 *
281 4675 370 4746 ticae
393 4675 546 4746 civitatis
571 4677 770 4750 doctrinam
791 4703 809 4748 a
831 4675 955 4772 laphct
973 4695 1008 4752 et
1025 4682 1100 4754 eius
1117 4682 1273 4752 bliisac-
1319 4705 1413 4764 cere,
1443 4681 1482 4748 in
1504 4675 1570 4749 hac
1594 4701 1656 4748 sua
1678 4677 1805 4746 militia
1829 4677 1863 4745 ei
1887 4676 2053 4748 serviant.
2105 4673 2197 4744 Tibi
2216 4697 2305 4752 vero,

282 4789 437 4868 ceptam,
467 4791 502 4849 et
525 4777 620 4848 inter
635 4777 726 4848 bene
740 4795 898 4854 moratos
911 4797 1069 4876 posteros
1086 4807 1274 4854 conserva·
1318 4775 1510 4852 Inachime
1532 4778 1728 4866 carissime,
1752 4777 1917 4868 inscripsi
1939 4773 2031 4847 hanc
2043 4777 2191 4846 brevem
2206 4787 2240 4846 et
2254 4775 2305 4843 in-

281 4891 353 4948 tam
371 4891 404 4948 et
421 4893 648 4971 propagatam
666 4903 750 4951 esse.
802 4880 874 4956 Nec
891 4910 992 4970 vero,
1016 4887 1048 4954 si
1061 4886 1197 4957 indocti
1213 4899 1273 4955 aut
1317 4879 1481 4955 choatam
1504 4896 1643 4972 tantum
1664 4880 1962 4964 lucubrationem,
1986 4891 2029 4948 ut
2044 4901 2163 4948 meum
2180 4899 2261 4968 erga
2277 4885 2306 4944 te

281 4979 348 5049 feri
365 5005 404 5048 ac
421 4981 564 5051 barbari
579 4976 751 5068 homines,
775 4999 835 5055 aut
851 4983 934 5058 haec
948 5002 1191 5073 monumenta,
1213 4999 1274 5055 aut
1316 4987 1474 5058 studium
1489 4983 1669 5064 cumtibi,
1688 4995 1764 5053 tum
1780 4982 1878 5067 aliis,
1903 4979 2130 5053 declararem.
2185 4977 2237 5052 Ut
2249 5000 2307 5046 au-

282 5081 357 5172 ipsa
376 5083 517 5153 vincula
531 5077 708 5154 humanae
723 5087 898 5159 societatis
914 5103 948 5160 et
963 5089 1171 5179 disciplinae
1186 5111 1272 5158 con·
1316 5101 1388 5158 tem
1416 5087 1520 5157 nobis
1550 5095 1689 5175 gratum
1718 5096 1770 5155 est
1797 5083 1919 5154 videre
1939 5081 2097 5176 aliquos,
2128 5081 2194 5174 qui
2218 5091 2306 5150 recta

281 5197 466 5269 temnunt,
500 5185 581 5255 ideo
606 5211 626 5254 a
649 5187 754 5258 nobis
776 5214 917 5284 quoque
943 5191 1153 5280 negligenda
1180 5203 1271 5262 sunt.
1854 5199 1858 5218 '

280 5282 442 5379 Cumque
456 5287 547 5358 varii
561 5287 632 5360 sint
647 5283 834 5361 hominum
849 5294 987 5363 furores
999 5292 1037 5380 in
1057 5293 1273 5363 conturban-
1350 5364 1378 5432 2)
1398 5362 1431 5418 ed
1456 5362 1615 5416 mm

318 5525 345 5596 l)
365 5533 419 5594 est]
438 5527 512 5583 addit
525 5529 589 5608 edit.
603 5529 704 5600 altera,
730 5540 851 5586 streete.
1007 5609 1008 5616 ἵ
1306 5591 1313 5602 κ
1352 5449 1381 5604 il
1398 5448 1897 5598 illl}Elidosesodnagapn.-
1915 5523 2149 5579 Locusestl’iad.
2164 5524 2309 5582 tutamvt.
