<?xml version="1.0" encoding="UTF-8"?>
<!DOCTYPE html PUBLIC "-//W3C//DTD XHTML 1.0 Transitional//EN"
    "http://www.w3.org/TR/xhtml1/DTD/xhtml1-transitional.dtd">
<html xmlns="http://www.w3.org/1999/xhtml" xml:lang="en" lang="en">
 <head>
  <title>
</title>
<meta http-equiv="Content-Type" content="text/html;charset=utf-8" />
  <meta name='ocr-system' content='tesseract 3.04.00' />
  <meta name='ocr-capabilities' content='ocr_page ocr_carea ocr_par ocr_line ocrx_word'/>
</head>
<body>
  <div class='ocr_page' id='page_1' title='image "./corpusreformato01bretgoog_0450.png"; bbox 0 0 4780 6258; ppageno 0'>
   <div class='ocr_carea' id='block_1_1' title="bbox 240 397 314 474">
    <p class='ocr_par' dir='ltr' id='par_1_1' title="bbox 240 397 314 474">
     <span class='ocr_line' id='line_1_1' title="bbox 240 397 314 474; baseline 0 -1"><span class='ocrx_word' id='word_1_1' title='bbox 240 397 314 474; x_wconf 81' lang='lat' dir='ltr'>ste</span> 
     </span>
    </p>
   </div>
   <div class='ocr_carea' id='block_1_2' title="bbox 242 564 1246 1465">
    <p class='ocr_par' dir='ltr' id='par_1_2' title="bbox 242 564 1246 1465">
     <span class='ocr_line' id='line_1_2' title="bbox 242 564 1236 658; baseline -0.008 -16"><span class='ocrx_word' id='word_1_2' title='bbox 242 585 336 642; x_wconf 86' lang='lat' dir='ltr'>aetas</span> <span class='ocrx_word' id='word_1_3' title='bbox 359 571 473 658; x_wconf 89' lang='lat' dir='ltr'>imago</span> <span class='ocrx_word' id='word_1_4' title='bbox 495 569 540 640; x_wconf 90' lang='lat' dir='ltr'>sit</span> <span class='ocrx_word' id='word_1_5' title='bbox 563 565 676 636; x_wconf 88' lang='lat' dir='ltr'>nostri</span> <span class='ocrx_word' id='word_1_6' title='bbox 691 565 869 656; x_wconf 83' lang='lat' dir='ltr'>temporis.</span> <span class='ocrx_word' id='word_1_7' title='bbox 921 565 1003 636; x_wconf 89' lang='lat' dir='ltr'>Non</span> <span class='ocrx_word' id='word_1_8' title='bbox 1020 568 1134 636; x_wconf 89' lang='lat' dir='ltr'>solum</span> <span class='ocrx_word' id='word_1_9' title='bbox 1151 564 1236 634; x_wconf 90' lang='lat' dir='ltr'>Mo·</span> 
     </span>
     <span class='ocr_line' id='line_1_3' title="bbox 243 665 1238 758; baseline -0.008 -15"><span class='ocrx_word' id='word_1_10' title='bbox 243 667 550 743; x_wconf 87' lang='lat' dir='ltr'>narcbacEtbnici</span> <span class='ocrx_word' id='word_1_11' title='bbox 571 669 740 758; x_wconf 77' lang='lat' dir='ltr'>gerebant</span> <span class='ocrx_word' id='word_1_12' title='bbox 757 669 850 737; x_wconf 89' lang='lat' dir='ltr'>bella</span> <span class='ocrx_word' id='word_1_13' title='bbox 867 669 905 736; x_wconf 92' lang='lat' dir='ltr'>in</span> <span class='ocrx_word' id='word_1_14' title='bbox 921 665 1066 737; x_wconf 88' lang='lat' dir='ltr'>ludaea:</span> <span class='ocrx_word' id='word_1_15' title='bbox 1092 671 1153 736; x_wconf 88' lang='lat' dir='ltr'>sed</span> <span class='ocrx_word' id='word_1_16' title='bbox 1171 667 1238 758; x_wconf 93' lang='lat' dir='ltr'>ipsi</span> 
     </span>
     <span class='ocr_line' id='line_1_4' title="bbox 244 770 1240 858; baseline -0.009 -12"><span class='ocrx_word' id='word_1_17' title='bbox 244 775 441 846; x_wconf 81' lang='lat' dir='ltr'><strong>sacerdotes</strong></span> <span class='ocrx_word' id='word_1_18' title='bbox 472 774 566 841; x_wconf 86' lang='lat' dir='ltr'>inter</span> <span class='ocrx_word' id='word_1_19' title='bbox 591 795 663 838; x_wconf 91' lang='lat' dir='ltr'>sese</span> <span class='ocrx_word' id='word_1_20' title='bbox 692 770 929 850; x_wconf 75' lang='lat' dir='ltr'>dimicabant,</span> <span class='ocrx_word' id='word_1_21' title='bbox 962 787 994 840; x_wconf 89' lang='lat' dir='ltr'>et</span> <span class='ocrx_word' id='word_1_22' title='bbox 1018 771 1240 858; x_wconf 88' lang='lat' dir='ltr'>vagabantur</span> 
     </span>
     <span class='ocr_line' id='line_1_5' title="bbox 247 866 1240 962; baseline -0.007 -17"><span class='ocrx_word' id='word_1_23' title='bbox 247 879 283 945; x_wconf 93' lang='lat' dir='ltr'>in</span> <span class='ocrx_word' id='word_1_24' title='bbox 300 875 429 944; x_wconf 89' lang='lat' dir='ltr'>ludaea</span> <span class='ocrx_word' id='word_1_25' title='bbox 444 875 608 942; x_wconf 91' lang='lat' dir='ltr'>omnium</span> <span class='ocrx_word' id='word_1_26' title='bbox 631 869 815 940; x_wconf 89' lang='lat' dir='ltr'>hominum</span> <span class='ocrx_word' id='word_1_27' title='bbox 831 872 1118 961; x_wconf 88' lang='lat' dir='ltr'>petulantissimi.</span> <span class='ocrx_word' id='word_1_28' title='bbox 1167 866 1240 962; x_wconf 72' lang='lat' dir='ltr'>Sy-</span> 
     </span>
     <span class='ocr_line' id='line_1_6' title="bbox 247 965 1242 1071; baseline -0.009 -24"><span class='ocrx_word' id='word_1_29' title='bbox 247 973 359 1058; x_wconf 83' lang='lat' dir='ltr'>riaci,</span> <span class='ocrx_word' id='word_1_30' title='bbox 376 970 568 1071; x_wconf 78' lang='lat' dir='ltr'><em>Aegyptii,</em></span> <span class='ocrx_word' id='word_1_31' title='bbox 588 969 760 1054; x_wconf 80' lang='lat' dir='ltr'>Arabici,</span> <span class='ocrx_word' id='word_1_32' title='bbox 777 965 969 1055; x_wconf 78' lang='lat' dir='ltr'>Parthici,</span> <span class='ocrx_word' id='word_1_33' title='bbox 984 967 1157 1040; x_wconf 86' lang='lat' dir='ltr'>Romani</span> <span class='ocrx_word' id='word_1_34' title='bbox 1172 972 1242 1040; x_wconf 93' lang='lat' dir='ltr'>mi-</span> 
     </span>
     <span class='ocr_line' id='line_1_7' title="bbox 249 1073 1246 1150; baseline -0.006 -1"><span class='ocrx_word' id='word_1_35' title='bbox 249 1081 340 1150; x_wconf 83' lang='lat' dir='ltr'>lites.</span> <span class='ocrx_word' id='word_1_36' title='bbox 367 1076 468 1147; x_wconf 83' lang='lat' dir='ltr'>Inter</span> <span class='ocrx_word' id='word_1_37' title='bbox 484 1073 569 1146; x_wconf 89' lang='lat' dir='ltr'>baec</span> <span class='ocrx_word' id='word_1_38' title='bbox 584 1073 1102 1144; x_wconf 89' lang='lat' dir='ltr'>latrociniacrudelissimorum</span> <span class='ocrx_word' id='word_1_39' title='bbox 1113 1089 1146 1143; x_wconf 92' lang='lat' dir='ltr'>et</span> <span class='ocrx_word' id='word_1_40' title='bbox 1160 1073 1246 1143; x_wconf 90' lang='lat' dir='ltr'>libi-</span> 
     </span>
     <span class='ocr_line' id='line_1_8' title="bbox 248 1171 1243 1252; baseline -0.01 0"><span class='ocrx_word' id='word_1_41' title='bbox 248 1179 555 1252; x_wconf 90' lang='lat' dir='ltr'>dinosissimorum</span> <span class='ocrx_word' id='word_1_42' title='bbox 568 1171 755 1244; x_wconf 89' lang='lat' dir='ltr'>homiuum</span> <span class='ocrx_word' id='word_1_43' title='bbox 771 1189 890 1244; x_wconf 90' lang='lat' dir='ltr'>tamen</span> <span class='ocrx_word' id='word_1_44' title='bbox 907 1193 1063 1246; x_wconf 87' lang='lat' dir='ltr'>servatae</span> <span class='ocrx_word' id='word_1_45' title='bbox 1079 1189 1162 1246; x_wconf 90' lang='lat' dir='ltr'>sunt</span> <span class='ocrx_word' id='word_1_46' title='bbox 1177 1172 1243 1244; x_wconf 90' lang='lat' dir='ltr'>hae</span> 
     </span>
     <span class='ocr_line' id='line_1_9' title="bbox 249 1270 1244 1368; baseline -0.008 -16"><span class='ocrx_word' id='word_1_47' title='bbox 249 1295 444 1367; x_wconf 90' lang='lat' dir='ltr'>matronae,</span> <span class='ocrx_word' id='word_1_48' title='bbox 459 1281 626 1364; x_wconf 66' lang='lat' dir='ltr'>formast</span> <span class='ocrx_word' id='word_1_49' title='bbox 638 1277 790 1366; x_wconf 87' lang='lat' dir='ltr'>ingeniis</span> <span class='ocrx_word' id='word_1_50' title='bbox 807 1291 1033 1368; x_wconf 87' lang='lat' dir='ltr'>praestantes,</span> <span class='ocrx_word' id='word_1_51' title='bbox 1041 1270 1244 1346; x_wconf 62' lang='lat' dir='ltr'>Elisabeth</span> 
     </span>
     <span class='ocr_line' id='line_1_10' title="bbox 252 1375 1244 1465; baseline -0.008 -11"><span class='ocrx_word' id='word_1_52' title='bbox 252 1379 407 1465; x_wconf 86' lang='lat' dir='ltr'>Maria,</span> <span class='ocrx_word' id='word_1_53' title='bbox 434 1375 568 1464; x_wconf 82' lang='lat' dir='ltr'>Anna,</span> <span class='ocrx_word' id='word_1_54' title='bbox 594 1395 629 1451; x_wconf 91' lang='lat' dir='ltr'>et</span> <span class='ocrx_word' id='word_1_55' title='bbox 644 1381 733 1448; x_wconf 89' lang='lat' dir='ltr'>aliae</span> <span class='ocrx_word' id='word_1_56' title='bbox 749 1378 1039 1452; x_wconf 89' lang='lat' dir='ltr'>innumerabiles.</span> <span class='ocrx_word' id='word_1_57' title='bbox 1090 1377 1168 1450; x_wconf 88' lang='lat' dir='ltr'>Hoc</span> <span class='ocrx_word' id='word_1_58' title='bbox 1187 1403 1244 1446; x_wconf 86' lang='lat' dir='ltr'>ex-</span> 
     </span>
    </p>
   </div>
   <div class='ocr_carea' id='block_1_3' title="bbox 250 1478 1246 1575">
    <p class='ocr_par' dir='ltr' id='par_1_3' title="bbox 250 1478 1246 1575">
     <span class='ocr_line' id='line_1_11' title="bbox 250 1478 1246 1575; baseline -0.008 -20"><span class='ocrx_word' id='word_1_59' title='bbox 250 1484 406 1575; x_wconf 88' lang='lat' dir='ltr'>emplum</span> <span class='ocrx_word' id='word_1_60' title='bbox 432 1507 533 1572; x_wconf 82' lang='lat' dir='ltr'>saepe</span> <span class='ocrx_word' id='word_1_61' title='bbox 555 1506 611 1550; x_wconf 89' lang='lat' dir='ltr'>me</span> <span class='ocrx_word' id='word_1_62' title='bbox 634 1482 848 1552; x_wconf 88' lang='lat' dir='ltr'>consolatur.</span> <span class='ocrx_word' id='word_1_63' title='bbox 901 1478 1016 1551; x_wconf 78' lang='lat' dir='ltr'>Video</span> <span class='ocrx_word' id='word_1_64' title='bbox 1044 1483 1155 1552; x_wconf 90' lang='lat' dir='ltr'>solius</span> <span class='ocrx_word' id='word_1_65' title='bbox 1179 1479 1246 1550; x_wconf 89' lang='lat' dir='ltr'>Dei</span> 
     </span>
    </p>
   </div>
   <div class='ocr_carea' id='block_1_4' title="bbox 252 1583 1325 1679">
    <p class='ocr_par' dir='ltr' id='par_1_4' title="bbox 252 1583 1325 1679">
     <span class='ocr_line' id='line_1_12' title="bbox 252 1583 1325 1679; baseline -0.012 -21"><span class='ocrx_word' id='word_1_66' title='bbox 252 1611 319 1679; x_wconf 93' lang='lat' dir='ltr'>ope</span> <span class='ocrx_word' id='word_1_67' title='bbox 334 1585 505 1655; x_wconf 88' lang='lat' dir='ltr'>custodiri</span> <span class='ocrx_word' id='word_1_68' title='bbox 521 1583 687 1677; x_wconf 82' lang='lat' dir='ltr'>reliquias</span> <span class='ocrx_word' id='word_1_69' title='bbox 702 1585 906 1652; x_wconf 77' lang='lat' dir='ltr'>invocantes</span> <span class='ocrx_word' id='word_1_70' title='bbox 921 1585 1055 1674; x_wconf 90' lang='lat' dir='ltr'>ipsum,</span> <span class='ocrx_word' id='word_1_71' title='bbox 1085 1583 1119 1652; x_wconf 88' lang='lat' dir='ltr'>e&#39;t</span> <span class='ocrx_word' id='word_1_72' title='bbox 1144 1584 1247 1652; x_wconf 89' lang='lat' dir='ltr'>abdi·</span> <span class='ocrx_word' id='word_1_73' title='bbox 1317 1630 1325 1645; x_wconf 94' lang='lat'>.</span> 
     </span>
    </p>
   </div>
   <div class='ocr_carea' id='block_1_5' title="bbox 169 1683 1249 2570">
    <p class='ocr_par' dir='ltr' id='par_1_5' title="bbox 169 1683 1249 2570">
     <span class='ocr_line' id='line_1_13' title="bbox 252 1683 1246 1778; baseline -0.005 -19"><span class='ocrx_word' id='word_1_74' title='bbox 252 1703 305 1759; x_wconf 85' lang='lat' dir='ltr'>tas</span> <span class='ocrx_word' id='word_1_75' title='bbox 321 1711 416 1757; x_wconf 89' lang='lat' dir='ltr'>aram</span> <span class='ocrx_word' id='word_1_76' title='bbox 437 1684 559 1776; x_wconf 91' lang='lat' dir='ltr'>ipsius.</span> <span class='ocrx_word' id='word_1_77' title='bbox 611 1683 661 1754; x_wconf 87' lang='lat' dir='ltr'>lta</span> <span class='ocrx_word' id='word_1_78' title='bbox 679 1708 780 1774; x_wconf 90' lang='lat' dir='ltr'>spero</span> <span class='ocrx_word' id='word_1_79' title='bbox 798 1711 894 1755; x_wconf 92' lang='lat' dir='ltr'>nunc</span> <span class='ocrx_word' id='word_1_80' title='bbox 910 1711 1050 1778; x_wconf 92' lang='lat' dir='ltr'>quoque</span> <span class='ocrx_word' id='word_1_81' title='bbox 1074 1687 1166 1754; x_wconf 88' lang='lat' dir='ltr'>inter</span> <span class='ocrx_word' id='word_1_82' title='bbox 1190 1701 1246 1754; x_wconf 93' lang='lat' dir='ltr'>tu-</span> 
     </span>
     <span class='ocr_line' id='line_1_14' title="bbox 253 1781 1248 1880; baseline -0.002 -22"><span class='ocrx_word' id='word_1_83' title='bbox 253 1790 386 1859; x_wconf 90' lang='lat' dir='ltr'>multus</span> <span class='ocrx_word' id='word_1_84' title='bbox 409 1801 443 1857; x_wconf 90' lang='lat' dir='ltr'>et</span> <span class='ocrx_word' id='word_1_85' title='bbox 459 1785 641 1856; x_wconf 88' lang='lat' dir='ltr'>latrocinia</span> <span class='ocrx_word' id='word_1_86' title='bbox 664 1781 792 1854; x_wconf 91' lang='lat' dir='ltr'>borum</span> <span class='ocrx_word' id='word_1_87' title='bbox 808 1800 1006 1878; x_wconf 90' lang='lat' dir='ltr'>temporum</span> <span class='ocrx_word' id='word_1_88' title='bbox 1024 1789 1159 1880; x_wconf 87' lang='lat' dir='ltr'>aliquas</span> <span class='ocrx_word' id='word_1_89' title='bbox 1177 1783 1248 1856; x_wconf 81' lang='lat' dir='ltr'>Ec-</span> 
     </span>
     <span class='ocr_line' id='line_1_15' title="bbox 169 1889 1246 1982; baseline -0.006 -21"><span class='ocrx_word' id='word_1_90' title='bbox 169 1907 171 1920; x_wconf 91' lang='lat'>&#39;</span> <span class='ocrx_word' id='word_1_91' title='bbox 256 1891 380 1960; x_wconf 88' lang='lat' dir='ltr'>clesiae</span> <span class='ocrx_word' id='word_1_92' title='bbox 397 1902 431 1958; x_wconf 90' lang='lat' dir='ltr'>et</span> <span class='ocrx_word' id='word_1_93' title='bbox 446 1889 649 1958; x_wconf 82' lang='lat' dir='ltr'>docentium</span> <span class='ocrx_word' id='word_1_94' title='bbox 669 1901 703 1956; x_wconf 88' lang='lat' dir='ltr'>et</span> <span class='ocrx_word' id='word_1_95' title='bbox 721 1889 932 1958; x_wconf 90' lang='lat' dir='ltr'>discentium</span> <span class='ocrx_word' id='word_1_96' title='bbox 947 1891 1114 1982; x_wconf 76' lang='lat' dir='ltr'>reliquias</span> <span class='ocrx_word' id='word_1_97' title='bbox 1128 1889 1246 1958; x_wconf 92' lang='lat' dir='ltr'>Deum</span> 
     </span>
     <span class='ocr_line' id='line_1_16' title="bbox 254 1983 1247 2081; baseline -0.003 -20"><span class='ocrx_word' id='word_1_98' title='bbox 254 2007 475 2062; x_wconf 88' lang='lat' dir='ltr'>servaturum</span> <span class='ocrx_word' id='word_1_99' title='bbox 494 2013 580 2058; x_wconf 92' lang='lat' dir='ltr'>esse.</span> <span class='ocrx_word' id='word_1_100' title='bbox 632 1983 787 2081; x_wconf 79' lang='lat' dir='ltr'>Georgii</span> <span class='ocrx_word' id='word_1_101' title='bbox 801 1991 953 2059; x_wconf 88' lang='lat' dir='ltr'>reditum</span> <span class='ocrx_word' id='word_1_102' title='bbox 969 2003 1052 2080; x_wconf 91' lang='lat' dir='ltr'>opto</span> <span class='ocrx_word' id='word_1_103' title='bbox 1071 2013 1143 2058; x_wconf 90' lang='lat' dir='ltr'>esse</span> <span class='ocrx_word' id='word_1_104' title='bbox 1169 1991 1247 2059; x_wconf 88' lang='lat' dir='ltr'>sau-</span> 
     </span>
     <span class='ocr_line' id='line_1_17' title="bbox 256 2089 1248 2164; baseline -0.004 -2"><span class='ocrx_word' id='word_1_105' title='bbox 256 2108 347 2164; x_wconf 85' lang='lat' dir='ltr'>stum</span> <span class='ocrx_word' id='word_1_106' title='bbox 365 2108 399 2162; x_wconf 86' lang='lat' dir='ltr'>et</span> <span class='ocrx_word' id='word_1_107' title='bbox 413 2093 562 2163; x_wconf 83' lang='lat' dir='ltr'>felicem.</span> <span class='ocrx_word' id='word_1_108' title='bbox 614 2089 782 2160; x_wconf 81' lang='lat' dir='ltr'>seucum</span> <span class='ocrx_word' id='word_1_109' title='bbox 806 2116 896 2159; x_wconf 87' lang='lat' dir='ltr'>nova</span> <span class='ocrx_word' id='word_1_110' title='bbox 915 2093 1018 2160; x_wconf 86' lang='lat' dir='ltr'>exilia</span> <span class='ocrx_word' id='word_1_111' title='bbox 1044 2092 1147 2160; x_wconf 90' lang='lat' dir='ltr'>nobis</span> <span class='ocrx_word' id='word_1_112' title='bbox 1172 2118 1248 2159; x_wconf 86' lang='lat' dir='ltr'>rne-</span> 
     </span>
     <span class='ocr_line' id='line_1_18' title="bbox 257 2189 1245 2282; baseline -0.005 -16"><span class='ocrx_word' id='word_1_113' title='bbox 257 2195 388 2266; x_wconf 89' lang='lat' dir='ltr'>tuenda</span> <span class='ocrx_word' id='word_1_114' title='bbox 411 2189 500 2275; x_wconf 90' lang='lat' dir='ltr'>sint,</span> <span class='ocrx_word' id='word_1_115' title='bbox 531 2193 727 2282; x_wconf 76' lang='lat' dir='ltr'>prudenter</span> <span class='ocrx_word' id='word_1_116' title='bbox 748 2193 902 2276; x_wconf 85' lang='lat' dir='ltr'>lecisset,</span> <span class='ocrx_word' id='word_1_117' title='bbox 935 2195 963 2260; x_wconf 92' lang='lat' dir='ltr'>si</span> <span class='ocrx_word' id='word_1_118' title='bbox 987 2194 1122 2262; x_wconf 90' lang='lat' dir='ltr'>diutius</span> <span class='ocrx_word' id='word_1_119' title='bbox 1153 2196 1245 2282; x_wconf 85' lang='lat' dir='ltr'>apud</span> 
     </span>
     <span class='ocr_line' id='line_1_19' title="bbox 256 2289 1249 2384; baseline 0.003 -24"><span class='ocrx_word' id='word_1_120' title='bbox 256 2293 296 2367; x_wconf 85' lang='lat' dir='ltr'>C.</span> <span class='ocrx_word' id='word_1_121' title='bbox 314 2293 358 2368; x_wconf 87' lang='lat' dir='ltr'>V.</span> <span class='ocrx_word' id='word_1_122' title='bbox 380 2295 574 2362; x_wconf 79' lang='lat' dir='ltr'>mansisset.</span> <span class='ocrx_word' id='word_1_123' title='bbox 627 2293 783 2380; x_wconf 85' lang='lat' dir='ltr'>Pagellas</span> <span class='ocrx_word' id='word_1_124' title='bbox 806 2318 892 2384; x_wconf 88' lang='lat' dir='ltr'>quas</span> <span class='ocrx_word' id='word_1_125' title='bbox 916 2289 1024 2362; x_wconf 88' lang='lat' dir='ltr'>habui</span> <span class='ocrx_word' id='word_1_126' title='bbox 1050 2296 1249 2363; x_wconf 88' lang='lat' dir='ltr'>recentissi-</span> 
     </span>
     <span class='ocr_line' id='line_1_20' title="bbox 258 2393 1249 2489; baseline 0.001 -25"><span class='ocrx_word' id='word_1_127' title='bbox 258 2419 333 2464; x_wconf 89' lang='lat' dir='ltr'>mas</span> <span class='ocrx_word' id='word_1_128' title='bbox 361 2396 444 2464; x_wconf 91' lang='lat' dir='ltr'>misi</span> <span class='ocrx_word' id='word_1_129' title='bbox 468 2395 546 2463; x_wconf 90' lang='lat' dir='ltr'>viro</span> <span class='ocrx_word' id='word_1_130' title='bbox 577 2394 769 2463; x_wconf 91' lang='lat' dir='ltr'>clarissimo</span> <span class='ocrx_word' id='word_1_131' title='bbox 791 2394 835 2467; x_wconf 88' lang='lat' dir='ltr'>D.</span> <span class='ocrx_word' id='word_1_132' title='bbox 857 2393 1004 2466; x_wconf 90' lang='lat' dir='ltr'>Ductori</span> <span class='ocrx_word' id='word_1_133' title='bbox 1030 2395 1249 2489; x_wconf 75' lang='lat' dir='ltr'>Augustino.</span> 
     </span>
     <span class='ocr_line' id='line_1_21' title="bbox 257 2493 743 2570; baseline 0.004 -3"><span class='ocrx_word' id='word_1_134' title='bbox 257 2496 356 2567; x_wconf 87' lang='lat' dir='ltr'>Bene</span> <span class='ocrx_word' id='word_1_135' title='bbox 373 2497 488 2568; x_wconf 86' lang='lat' dir='ltr'>valeat</span> <span class='ocrx_word' id='word_1_136' title='bbox 500 2493 591 2570; x_wconf 92' lang='lat' dir='ltr'>Cels.</span> <span class='ocrx_word' id='word_1_137' title='bbox 608 2493 743 2570; x_wconf 88' lang='lat' dir='ltr'>Vestra.</span> 
     </span>
    </p>
   </div>
   <div class='ocr_carea' id='block_1_6' title="bbox 259 2841 461 2918">
    <p class='ocr_par' dir='ltr' id='par_1_6' title="bbox 259 2841 461 2918">
     <span class='ocr_line' id='line_1_22' title="bbox 259 2841 461 2918; baseline 0.03 -6"><span class='ocrx_word' id='word_1_138' title='bbox 259 2842 325 2916; x_wconf 90' lang='lat' dir='ltr'>Nu.</span> <span class='ocrx_word' id='word_1_139' title='bbox 346 2841 461 2918; x_wconf 79' lang='grc'><strong>4165.</strong></span> 
     </span>
    </p>
   </div>
   <div class='ocr_carea' id='block_1_7' title="bbox 264 2939 476 2979">
    <p class='ocr_par' dir='ltr' id='par_1_7' title="bbox 264 2939 476 2979">
     <span class='ocr_line' id='line_1_23' title="bbox 264 2939 476 2979; baseline 0.024 -5"><span class='ocrx_word' id='word_1_140' title='bbox 264 2939 476 2979; x_wconf 52' lang='grc' dir='ltr'><strong>Μ</strong></span> 
     </span>
    </p>
   </div>
   <div class='ocr_carea' id='block_1_8' title="bbox 596 3025 909 3118">
    <p class='ocr_par' dir='ltr' id='par_1_8' title="bbox 596 3025 909 3118">
     <span class='ocr_line' id='line_1_24' title="bbox 596 3025 909 3118; baseline 0.013 -4"><span class='ocrx_word' id='word_1_141' title='bbox 596 3029 666 3114; x_wconf 89' lang='grc' dir='ltr'>Μ.</span> <span class='ocrx_word' id='word_1_142' title='bbox 701 3025 909 3118; x_wconf 85' lang='lat' dir='ltr'>Crudeliu.</span> 
     </span>
    </p>
   </div>
   <div class='ocr_carea' id='block_1_9' title="bbox 211 3181 690 3257">
    <p class='ocr_par' dir='ltr' id='par_1_9' title="bbox 211 3181 690 3257">
     <span class='ocr_line' id='line_1_25' title="bbox 211 3181 690 3257; baseline 0.023 -26"><span class='ocrx_word' id='word_1_143' title='bbox 211 3247 215 3254; x_wconf 26' lang='grc' dir='ltr'>ἱ</span> <span class='ocrx_word' id='word_1_144' title='bbox 328 3181 413 3254; x_wconf 81' lang='lat' dir='ltr'>Epist.</span> <span class='ocrx_word' id='word_1_145' title='bbox 427 3181 477 3241; x_wconf 86' lang='lat' dir='ltr'>lib.</span> <span class='ocrx_word' id='word_1_146' title='bbox 491 3183 525 3243; x_wconf 86' lang='lat' dir='ltr'>V.</span> <span class='ocrx_word' id='word_1_147' title='bbox 542 3203 570 3256; x_wconf 90' lang='lat' dir='ltr'>p.</span> <span class='ocrx_word' id='word_1_148' title='bbox 585 3187 633 3242; x_wconf 76' lang='lat' dir='ltr'>stt</span> <span class='ocrx_word' id='word_1_149' title='bbox 649 3205 690 3257; x_wconf 84' lang='lat' dir='ltr'>sq.</span> 
     </span>
    </p>
   </div>
   <div class='ocr_carea' id='block_1_10' title="bbox 1113 2851 1250 2920">
    <p class='ocr_par' dir='ltr' id='par_1_10' title="bbox 1113 2851 1250 2920">
     <span class='ocr_line' id='line_1_26' title="bbox 1113 2851 1250 2920; baseline -0.044 0"><span class='ocrx_word' id='word_1_150' title='bbox 1113 2861 1146 2920; x_wconf 92' lang='lat'>1.</span> <span class='ocrx_word' id='word_1_151' title='bbox 1161 2851 1250 2914; x_wconf 76' lang='lat' dir='ltr'>Mna</span> 
     </span>
    </p>
   </div>
   <div class='ocr_carea' id='block_1_11' title="bbox 1116 2947 1249 2977">
    <p class='ocr_par' dir='ltr' id='par_1_11' title="bbox 1116 2947 1249 2977">
     <span class='ocr_line' id='line_1_27' title="bbox 1116 2947 1249 2977; baseline 0.008 -1"><span class='ocrx_word' id='word_1_152' title='bbox 1116 2947 1249 2977; x_wconf 55' lang='grc' dir='ltr'><strong><em>Μ</em></strong></span> 
     </span>
    </p>
   </div>
   <div class='ocr_carea' id='block_1_12' title="bbox 259 3471 1252 4500">
    <p class='ocr_par' dir='ltr' id='par_1_12' title="bbox 259 3471 1252 4500">
     <span class='ocr_line' id='line_1_28' title="bbox 259 3471 1252 3581; baseline -0.001 -20"><span class='ocrx_word' id='word_1_153' title='bbox 259 3471 304 3561; x_wconf 81' lang='lat' dir='ltr'>S.</span> <span class='ocrx_word' id='word_1_154' title='bbox 330 3489 375 3560; x_wconf 90' lang='lat' dir='ltr'>D.</span> <span class='ocrx_word' id='word_1_155' title='bbox 425 3486 643 3565; x_wconf 89' lang='lat' dir='ltr'>Chariss.D.</span> <span class='ocrx_word' id='word_1_156' title='bbox 662 3492 792 3561; x_wconf 87' lang='lat' dir='ltr'>Marce.</span> <span class='ocrx_word' id='word_1_157' title='bbox 826 3491 918 3562; x_wconf 89' lang='lat' dir='ltr'>Cum</span> <span class='ocrx_word' id='word_1_158' title='bbox 935 3491 1074 3581; x_wconf 85' lang='lat' dir='ltr'>Targae</span> <span class='ocrx_word' id='word_1_159' title='bbox 1089 3515 1252 3577; x_wconf 87' lang='lat' dir='ltr'>essemus,</span> 
     </span>
     <span class='ocr_line' id='line_1_29' title="bbox 260 3586 1252 3685; baseline 0.002 -25"><span class='ocrx_word' id='word_1_160' title='bbox 260 3592 359 3662; x_wconf 86' lang='lat' dir='ltr'>volui</span> <span class='ocrx_word' id='word_1_161' title='bbox 375 3595 419 3662; x_wconf 89' lang='lat' dir='ltr'>de</span> <span class='ocrx_word' id='word_1_162' title='bbox 434 3586 695 3662; x_wconf 84' lang='lat' dir='ltr'>Bremseliana</span> <span class='ocrx_word' id='word_1_163' title='bbox 715 3594 861 3685; x_wconf 89' lang='lat' dir='ltr'>pecunia</span> <span class='ocrx_word' id='word_1_164' title='bbox 879 3619 958 3663; x_wconf 90' lang='lat' dir='ltr'>cum</span> <span class='ocrx_word' id='word_1_165' title='bbox 975 3595 1060 3663; x_wconf 91' lang='lat' dir='ltr'>viris</span> <span class='ocrx_word' id='word_1_166' title='bbox 1076 3589 1252 3663; x_wconf 84' lang='lat' dir='ltr'>ltonestis-</span> 
     </span>
     <span class='ocr_line' id='line_1_30' title="bbox 261 3691 1250 3789; baseline 0.003 -27"><span class='ocrx_word' id='word_1_167' title='bbox 261 3694 376 3777; x_wconf 87' lang='lat' dir='ltr'>simis,</span> <span class='ocrx_word' id='word_1_168' title='bbox 401 3691 618 3766; x_wconf 86' lang='lat' dir='ltr'>Consulibus</span> <span class='ocrx_word' id='word_1_169' title='bbox 632 3696 754 3786; x_wconf 89' lang='lat' dir='ltr'>oppidi</span> <span class='ocrx_word' id='word_1_170' title='bbox 771 3695 803 3764; x_wconf 80' lang='grc' dir='ltr'><strong>Τ</strong></span> <span class='ocrx_word' id='word_1_171' title='bbox 805 3719 908 3786; x_wconf 90' lang='lat' dir='ltr'>orgae</span> <span class='ocrx_word' id='word_1_172' title='bbox 925 3697 1036 3789; x_wconf 90' lang='lat' dir='ltr'>loqui.</span> <span class='ocrx_word' id='word_1_173' title='bbox 1087 3695 1156 3767; x_wconf 90' lang='lat' dir='ltr'>Sed</span> <span class='ocrx_word' id='word_1_174' title='bbox 1181 3696 1250 3765; x_wconf 90' lang='lat' dir='ltr'>alia</span> 
     </span>
     <span class='ocr_line' id='line_1_31' title="bbox 259 3793 1250 3889; baseline 0.002 -25"><span class='ocrx_word' id='word_1_175' title='bbox 259 3796 400 3884; x_wconf 90' lang='lat' dir='ltr'>negotia</span> <span class='ocrx_word' id='word_1_176' title='bbox 413 3797 469 3866; x_wconf 85' lang='lat' dir='ltr'>vel</span> <span class='ocrx_word' id='word_1_177' title='bbox 485 3798 740 3889; x_wconf 89' lang='lat' dir='ltr'>impedierunt,</span> <span class='ocrx_word' id='word_1_178' title='bbox 766 3797 821 3864; x_wconf 88' lang='lat' dir='ltr'>vel</span> <span class='ocrx_word' id='word_1_179' title='bbox 832 3810 1059 3884; x_wconf 72' lang='lat' dir='ltr'>excusserunt</span> <span class='ocrx_word' id='word_1_180' title='bbox 1075 3793 1166 3868; x_wconf 90' lang='lat' dir='ltr'>banc</span> <span class='ocrx_word' id='word_1_181' title='bbox 1182 3800 1250 3867; x_wconf 92' lang='lat' dir='ltr'>mi-</span> 
     </span>
     <span class='ocr_line' id='line_1_32' title="bbox 261 3892 1250 3990; baseline 0.003 -23"><span class='ocrx_word' id='word_1_182' title='bbox 261 3892 300 3967; x_wconf 91' lang='lat' dir='ltr'>hi</span> <span class='ocrx_word' id='word_1_183' title='bbox 317 3898 574 3987; x_wconf 80' lang='lat' dir='ltr'>cogitationem.</span> <span class='ocrx_word' id='word_1_184' title='bbox 625 3895 729 3968; x_wconf 89' lang='lat' dir='ltr'>Nunc</span> <span class='ocrx_word' id='word_1_185' title='bbox 748 3898 875 3968; x_wconf 87' lang='lat' dir='ltr'>Matris</span> <span class='ocrx_word' id='word_1_186' title='bbox 891 3914 923 3968; x_wconf 89' lang='lat' dir='ltr'>et</span> <span class='ocrx_word' id='word_1_187' title='bbox 944 3901 1036 3970; x_wconf 86' lang='lat' dir='ltr'>tiliae</span> <span class='ocrx_word' id='word_1_188' title='bbox 1052 3901 1174 3990; x_wconf 92' lang='lat' dir='ltr'>inopia</span> <span class='ocrx_word' id='word_1_189' title='bbox 1190 3925 1250 3970; x_wconf 91' lang='lat' dir='ltr'>co-</span> 
     </span>
     <span class='ocr_line' id='line_1_33' title="bbox 260 3999 1250 4095; baseline 0.003 -26"><span class='ocrx_word' id='word_1_190' title='bbox 260 3999 312 4088; x_wconf 85' lang='lat' dir='ltr'>git</span> <span class='ocrx_word' id='word_1_191' title='bbox 330 4021 396 4068; x_wconf 88' lang='lat' dir='ltr'>nos</span> <span class='ocrx_word' id='word_1_192' title='bbox 420 4023 458 4070; x_wconf 87' lang='lat' dir='ltr'>ea</span> <span class='ocrx_word' id='word_1_193' title='bbox 482 4002 526 4069; x_wconf 90' lang='lat' dir='ltr'>de</span> <span class='ocrx_word' id='word_1_194' title='bbox 548 4013 587 4070; x_wconf 75' lang='lat' dir='ltr'>&#39;re</span> <span class='ocrx_word' id='word_1_195' title='bbox 613 4002 777 4074; x_wconf 89' lang='lat' dir='ltr'>scribere.</span> <span class='ocrx_word' id='word_1_196' title='bbox 830 3999 970 4089; x_wconf 87' lang='lat' dir='ltr'>Queso,</span> <span class='ocrx_word' id='word_1_197' title='bbox 997 4015 1039 4072; x_wconf 88' lang='lat' dir='ltr'>ut</span> <span class='ocrx_word' id='word_1_198' title='bbox 1058 4001 1250 4095; x_wconf 84' lang='lat' dir='ltr'>alloquaris</span> 
     </span>
     <span class='ocr_line' id='line_1_34' title="bbox 260 4097 1250 4194; baseline 0.005 -25"><span class='ocrx_word' id='word_1_199' title='bbox 260 4097 444 4186; x_wconf 86' lang='lat' dir='ltr'>Consules,</span> <span class='ocrx_word' id='word_1_200' title='bbox 466 4115 506 4171; x_wconf 94' lang='lat' dir='ltr'>ut</span> <span class='ocrx_word' id='word_1_201' title='bbox 519 4103 612 4172; x_wconf 90' lang='lat' dir='ltr'>mitti</span> <span class='ocrx_word' id='word_1_202' title='bbox 629 4104 814 4194; x_wconf 86' lang='lat' dir='ltr'>pecuniam</span> <span class='ocrx_word' id='word_1_203' title='bbox 829 4118 969 4173; x_wconf 88' lang='lat' dir='ltr'>curent:</span> <span class='ocrx_word' id='word_1_204' title='bbox 991 4101 1080 4194; x_wconf 87' lang='lat' dir='ltr'>Ipsis</span> <span class='ocrx_word' id='word_1_205' title='bbox 1095 4127 1150 4174; x_wconf 89' lang='lat' dir='ltr'>res</span> <span class='ocrx_word' id='word_1_206' title='bbox 1167 4120 1250 4174; x_wconf 89' lang='lat' dir='ltr'>nota</span> 
     </span>
     <span class='ocr_line' id='line_1_35' title="bbox 261 4197 1251 4294; baseline 0.003 -24"><span class='ocrx_word' id='word_1_207' title='bbox 261 4213 329 4270; x_wconf 88' lang='lat' dir='ltr'>est:</span> <span class='ocrx_word' id='word_1_208' title='bbox 353 4197 440 4270; x_wconf 88' lang='lat' dir='ltr'>Ideo</span> <span class='ocrx_word' id='word_1_209' title='bbox 455 4204 693 4273; x_wconf 87' lang='lat' dir='ltr'>narrationem</span> <span class='ocrx_word' id='word_1_210' title='bbox 709 4205 904 4294; x_wconf 84' lang='lat' dir='ltr'>longiorem</span> <span class='ocrx_word' id='word_1_211' title='bbox 921 4205 1058 4275; x_wconf 89' lang='lat' dir='ltr'>omitto.</span> <span class='ocrx_word' id='word_1_212' title='bbox 1093 4201 1171 4276; x_wconf 93' lang='lat' dir='ltr'>Oro</span> <span class='ocrx_word' id='word_1_213' title='bbox 1186 4228 1251 4273; x_wconf 89' lang='lat' dir='ltr'>au-</span> 
     </span>
     <span class='ocr_line' id='line_1_36' title="bbox 263 4299 1250 4394; baseline 0.004 -23"><span class='ocrx_word' id='word_1_214' title='bbox 263 4316 354 4385; x_wconf 89' lang='lat' dir='ltr'>tem,</span> <span class='ocrx_word' id='word_1_215' title='bbox 384 4316 426 4373; x_wconf 92' lang='lat' dir='ltr'>ut</span> <span class='ocrx_word' id='word_1_216' title='bbox 441 4319 585 4394; x_wconf 93' lang='lat' dir='ltr'>propter</span> <span class='ocrx_word' id='word_1_217' title='bbox 601 4299 776 4394; x_wconf 87' lang='lat' dir='ltr'>orphanas</span> <span class='ocrx_word' id='word_1_218' title='bbox 797 4308 904 4392; x_wconf 88' lang='lat' dir='ltr'>filias,</span> <span class='ocrx_word' id='word_1_219' title='bbox 930 4331 1009 4378; x_wconf 86' lang='lat' dir='ltr'>cum</span> <span class='ocrx_word' id='word_1_220' title='bbox 1033 4308 1164 4391; x_wconf 86' lang='lat' dir='ltr'>sciant,</span> <span class='ocrx_word' id='word_1_221' title='bbox 1191 4331 1250 4375; x_wconf 91' lang='lat' dir='ltr'>or-</span> 
     </span>
     <span class='ocr_line' id='line_1_37' title="bbox 260 4400 1250 4500; baseline 0.005 -27"><span class='ocrx_word' id='word_1_222' title='bbox 260 4400 398 4496; x_wconf 89' lang='lat' dir='ltr'>pbanos</span> <span class='ocrx_word' id='word_1_223' title='bbox 422 4427 441 4473; x_wconf 90' lang='lat' dir='ltr'>a</span> <span class='ocrx_word' id='word_1_224' title='bbox 462 4403 538 4474; x_wconf 91' lang='lat' dir='ltr'>Deo</span> <span class='ocrx_word' id='word_1_225' title='bbox 560 4409 822 4478; x_wconf 86' lang='lat' dir='ltr'>commendatos</span> <span class='ocrx_word' id='word_1_226' title='bbox 845 4431 918 4479; x_wconf 88' lang='lat' dir='ltr'>esse</span> <span class='ocrx_word' id='word_1_227' title='bbox 943 4408 1250 4500; x_wconf 84' lang='lat' dir='ltr'>gubernatoribus,</span> 
     </span>
    </p>
   </div>
   <div class='ocr_carea' id='block_1_13' title="bbox 261 4499 1331 4604">
    <p class='ocr_par' dir='ltr' id='par_1_13' title="bbox 261 4499 1331 4604">
     <span class='ocr_line' id='line_1_38' title="bbox 261 4499 1331 4604; baseline 0.005 -31"><span class='ocrx_word' id='word_1_228' title='bbox 261 4499 352 4576; x_wconf 91' lang='lat' dir='ltr'>hanc</span> <span class='ocrx_word' id='word_1_229' title='bbox 372 4530 445 4576; x_wconf 91' lang='lat' dir='ltr'>rem</span> <span class='ocrx_word' id='word_1_230' title='bbox 465 4505 654 4595; x_wconf 84' lang='lat' dir='ltr'>diligenter</span> <span class='ocrx_word' id='word_1_231' title='bbox 665 4509 784 4598; x_wconf 83' lang='lat' dir='ltr'>perlici</span> <span class='ocrx_word' id='word_1_232' title='bbox 802 4525 937 4584; x_wconf 89' lang='lat' dir='ltr'>curent.</span> <span class='ocrx_word' id='word_1_233' title='bbox 988 4509 1021 4579; x_wconf 85' lang='lat' dir='ltr'>T</span> <span class='ocrx_word' id='word_1_234' title='bbox 1023 4512 1074 4578; x_wconf 88' lang='lat' dir='ltr'>ibi</span> <span class='ocrx_word' id='word_1_235' title='bbox 1095 4513 1248 4604; x_wconf 87' lang='lat' dir='ltr'>pagellas</span> <span class='ocrx_word' id='word_1_236' title='bbox 1327 4559 1331 4568; x_wconf 83' lang='lat'>-</span> 
     </span>
    </p>
   </div>
   <div class='ocr_carea' id='block_1_14' title="bbox 261 4607 1249 4794">
    <p class='ocr_par' dir='ltr' id='par_1_14' title="bbox 261 4607 1249 4794">
     <span class='ocr_line' id='line_1_39' title="bbox 261 4607 1249 4701; baseline 0.008 -27"><span class='ocrx_word' id='word_1_237' title='bbox 261 4608 373 4680; x_wconf 89' lang='lat' dir='ltr'>mitto.</span> <span class='ocrx_word' id='word_1_238' title='bbox 430 4607 479 4680; x_wconf 85' lang='lat' dir='ltr'>Et</span> <span class='ocrx_word' id='word_1_239' title='bbox 500 4623 534 4678; x_wconf 88' lang='lat' dir='ltr'>te</span> <span class='ocrx_word' id='word_1_240' title='bbox 558 4633 643 4690; x_wconf 87' lang='lat' dir='ltr'>oro,</span> <span class='ocrx_word' id='word_1_241' title='bbox 675 4621 716 4679; x_wconf 88' lang='lat' dir='ltr'>ut</span> <span class='ocrx_word' id='word_1_242' title='bbox 736 4611 781 4678; x_wconf 91' lang='lat' dir='ltr'>ad</span> <span class='ocrx_word' id='word_1_243' title='bbox 803 4635 868 4679; x_wconf 89' lang='lat' dir='ltr'>nos</span> <span class='ocrx_word' id='word_1_244' title='bbox 891 4613 1088 4701; x_wconf 83' lang='lat' dir='ltr'>expetieris.</span> <span class='ocrx_word' id='word_1_245' title='bbox 1151 4612 1249 4683; x_wconf 86' lang='lat' dir='ltr'>Beue</span> 
     </span>
     <span class='ocr_line' id='line_1_40' title="bbox 261 4708 1010 4794; baseline 0.012 -21"><span class='ocrx_word' id='word_1_246' title='bbox 261 4709 357 4794; x_wconf 89' lang='lat' dir='ltr'>vate,</span> <span class='ocrx_word' id='word_1_247' title='bbox 383 4723 418 4782; x_wconf 90' lang='lat' dir='ltr'>et</span> <span class='ocrx_word' id='word_1_248' title='bbox 433 4711 596 4786; x_wconf 86' lang='lat' dir='ltr'>rescribe.</span> <span class='ocrx_word' id='word_1_249' title='bbox 647 4709 725 4783; x_wconf 91' lang='lat' dir='ltr'>Cal.</span> <span class='ocrx_word' id='word_1_250' title='bbox 742 4708 883 4782; x_wconf 86' lang='lat' dir='ltr'>Martiis</span> <span class='ocrx_word' id='word_1_251' title='bbox 901 4711 1010 4785; x_wconf 71' lang='lat'>1548.</span> 
     </span>
    </p>
   </div>
   <div class='ocr_carea' id='block_1_15' title="bbox 774 4823 1203 4924">
    <p class='ocr_par' dir='ltr' id='par_1_15' title="bbox 774 4823 1203 4924">
     <span class='ocr_line' id='line_1_41' title="bbox 774 4823 1203 4924; baseline 0.028 -27"><span class='ocrx_word' id='word_1_252' title='bbox 774 4823 962 4924; x_wconf 85' lang='lat' dir='ltr'>Philippus</span> <span class='ocrx_word' id='word_1_253' title='bbox 978 4831 1203 4909; x_wconf 87' lang='lat' dir='ltr'>Melantbon.</span> 
     </span>
    </p>
   </div>
   <div class='ocr_carea' id='block_1_16' title="bbox 257 5189 453 5322">
    <p class='ocr_par' dir='ltr' id='par_1_16' title="bbox 257 5189 453 5322">
     <span class='ocr_line' id='line_1_42' title="bbox 257 5189 453 5322; baseline 0 -54"><span class='ocrx_word' id='word_1_254' title='bbox 257 5189 453 5322; x_wconf 55' lang='lat' dir='ltr'>Q.</span> 
     </span>
    </p>
   </div>
   <div class='ocr_carea' id='block_1_17' title="bbox 1092 5211 1228 5280">
    <p class='ocr_par' dir='ltr' id='par_1_17' title="bbox 1092 5211 1228 5280">
     <span class='ocr_line' id='line_1_43' title="bbox 1092 5211 1228 5280; baseline -0.029 0"><span class='ocrx_word' id='word_1_255' title='bbox 1092 5220 1123 5280; x_wconf 81' lang='grc'>8.</span> <span class='ocrx_word' id='word_1_256' title='bbox 1139 5211 1228 5276; x_wconf 73' lang='lat' dir='ltr'>Meu.</span> 
     </span>
    </p>
   </div>
   <div class='ocr_carea' id='block_1_18' title="bbox 1073 5299 1245 5330">
    <p class='ocr_par' dir='ltr' id='par_1_18' title="bbox 1073 5299 1245 5330">
     <span class='ocr_line' id='line_1_44' title="bbox 1073 5299 1245 5330; baseline -0.012 0"><span class='ocrx_word' id='word_1_257' title='bbox 1073 5299 1245 5330; x_wconf 56' lang='grc' dir='ltr'>Μ</span> 
     </span>
    </p>
   </div>
   <div class='ocr_carea' id='block_1_19' title="bbox 324 5387 1223 5634">
    <p class='ocr_par' dir='ltr' id='par_1_19' title="bbox 324 5387 1223 5634">
     <span class='ocr_line' id='line_1_45' title="bbox 531 5387 977 5479; baseline 0.022 -10"><span class='ocrx_word' id='word_1_258' title='bbox 531 5387 679 5476; x_wconf 81' lang='lat' dir='ltr'>Ioacb.</span> <span class='ocrx_word' id='word_1_259' title='bbox 715 5390 977 5479; x_wconf 85' lang='lat' dir='ltr'>Camerario.</span> 
     </span>
     <span class='ocr_line' id='line_1_46' title="bbox 324 5545 1223 5634; baseline 0.011 -30"><span class='ocrx_word' id='word_1_260' title='bbox 324 5547 409 5622; x_wconf 78' lang='lat' dir='ltr'>Epist.</span> <span class='ocrx_word' id='word_1_261' title='bbox 422 5547 456 5605; x_wconf 78' lang='lat' dir='ltr'>etl</span> <span class='ocrx_word' id='word_1_262' title='bbox 471 5545 609 5603; x_wconf 71' lang='lat' dir='ltr'>(intuerer.</span> <span class='ocrx_word' id='word_1_263' title='bbox 627 5567 654 5622; x_wconf 89' lang='lat' dir='ltr'>p.</span> <span class='ocrx_word' id='word_1_264' title='bbox 671 5551 723 5606; x_wconf 70' lang='grc'>586</span> <span class='ocrx_word' id='word_1_265' title='bbox 734 5571 776 5626; x_wconf 77' lang='lat' dir='ltr'>sq.</span> <span class='ocrx_word' id='word_1_266' title='bbox 792 5555 847 5624; x_wconf 80' lang='lat' dir='ltr'>(ed.</span> <span class='ocrx_word' id='word_1_267' title='bbox 859 5553 1009 5634; x_wconf 69' lang='lat' dir='ltr'>laudiib.</span> <span class='ocrx_word' id='word_1_268' title='bbox 1021 5555 1070 5616; x_wconf 86' lang='lat' dir='ltr'>lV.</span> <span class='ocrx_word' id='word_1_269' title='bbox 1083 5576 1127 5632; x_wconf 88' lang='lat' dir='ltr'>ep.</span> <span class='ocrx_word' id='word_1_270' title='bbox 1139 5559 1223 5630; x_wconf 64' lang='lat'>722).</span> 
     </span>
    </p>
   </div>
   <div class='ocr_carea' id='block_1_20' title="bbox 840 387 1711 470">
    <p class='ocr_par' dir='ltr' id='par_1_20' title="bbox 840 387 1711 470">
     <span class='ocr_line' id='line_1_47' title="bbox 840 387 1711 470; baseline -0.008 0"><span class='ocrx_word' id='word_1_271' title='bbox 840 390 1278 470; x_wconf 75' lang='lat' dir='ltr'>EPISTOLARUM</span> <span class='ocrx_word' id='word_1_272' title='bbox 1329 389 1522 469; x_wconf 71' lang='lat' dir='ltr'>utnxl.</span> <span class='ocrx_word' id='word_1_273' title='bbox 1578 387 1711 466; x_wconf 81' lang='lat'>1648.</span> 
     </span>
    </p>
   </div>
   <div class='ocr_carea' id='block_1_21' title="bbox 2223 395 2302 466">
    <p class='ocr_par' dir='ltr' id='par_1_21' title="bbox 2223 395 2302 466">
     <span class='ocr_line' id='line_1_48' title="bbox 2223 395 2302 466; baseline 0 0"><span class='ocrx_word' id='word_1_274' title='bbox 2223 395 2302 466; x_wconf 73' lang='grc'>820</span> 
     </span>
    </p>
   </div>
   <div class='ocr_carea' id='block_1_22' title="bbox 1290 553 2297 853">
    <p class='ocr_par' dir='ltr' id='par_1_22' title="bbox 1290 553 2297 853">
     <span class='ocr_line' id='line_1_49' title="bbox 1290 553 2297 661; baseline 0.002 -29"><span class='ocrx_word' id='word_1_275' title='bbox 1290 553 1515 632; x_wconf 76' lang='lat' dir='ltr'>Clarissimo</span> <span class='ocrx_word' id='word_1_276' title='bbox 1534 560 1630 643; x_wconf 80' lang='lat' dir='ltr'>viro,</span> <span class='ocrx_word' id='word_1_277' title='bbox 1653 555 1856 633; x_wconf 81' lang='lat' dir='ltr'>eruditione</span> <span class='ocrx_word' id='word_1_278' title='bbox 1877 569 1909 633; x_wconf 89' lang='lat' dir='ltr'>et</span> <span class='ocrx_word' id='word_1_279' title='bbox 1928 561 2057 633; x_wconf 81' lang='lat' dir='ltr'>virtute</span> <span class='ocrx_word' id='word_1_280' title='bbox 2078 565 2297 661; x_wconf 81' lang='lat' dir='ltr'>praestanti</span> 
     </span>
     <span class='ocr_line' id='line_1_50' title="bbox 1290 653 2293 782; baseline 0.002 -46"><span class='ocrx_word' id='word_1_281' title='bbox 1290 663 1319 736; x_wconf 92' lang='lat' dir='ltr'><em>I</em></span> <span class='ocrx_word' id='word_1_282' title='bbox 1326 659 1536 736; x_wconf 77' lang='lat' dir='ltr'>oachimo</span> <span class='ocrx_word' id='word_1_283' title='bbox 1560 653 1734 736; x_wconf 85' lang='lat' dir='ltr'>Camer.</span> <span class='ocrx_word' id='word_1_284' title='bbox 1759 658 1854 782; x_wconf 59' lang='lat' dir='ltr'>Pub.</span> <span class='ocrx_word' id='word_1_285' title='bbox 1879 661 1999 734; x_wconf 82' lang='lat' dir='ltr'>amico</span> <span class='ocrx_word' id='word_1_286' title='bbox 2022 674 2053 736; x_wconf 81' lang='lat' dir='ltr'>et</span> <span class='ocrx_word' id='word_1_287' title='bbox 2068 665 2200 764; x_wconf 85' lang='lat' dir='ltr'>fratri</span> <span class='ocrx_word' id='word_1_288' title='bbox 2223 691 2293 738; x_wconf 86' lang='lat' dir='ltr'>suo</span> 
     </span>
     <span class='ocr_line' id='line_1_51' title="bbox 1685 789 1898 853; baseline -0.009 -17"><span class='ocrx_word' id='word_1_289' title='bbox 1685 789 1898 853; x_wconf 74' lang='lat' dir='ltr'>corucem,</span> 
     </span>
    </p>
   </div>
   <div class='ocr_carea' id='block_1_23' title="bbox 1291 897 2294 3257">
    <p class='ocr_par' dir='ltr' id='par_1_23' title="bbox 1291 897 2294 1821">
     <span class='ocr_line' id='line_1_52' title="bbox 1291 897 2293 1009; baseline 0.002 -23"><span class='ocrx_word' id='word_1_290' title='bbox 1291 897 1336 989; x_wconf 85' lang='lat' dir='ltr'>S.</span> <span class='ocrx_word' id='word_1_291' title='bbox 1365 915 1413 987; x_wconf 94' lang='lat' dir='ltr'>D.</span> <span class='ocrx_word' id='word_1_292' title='bbox 1464 915 1547 1006; x_wconf 86' lang='lat' dir='ltr'>Quo</span> <span class='ocrx_word' id='word_1_293' title='bbox 1565 917 1622 986; x_wconf 91' lang='lat' dir='ltr'>die</span> <span class='ocrx_word' id='word_1_294' title='bbox 1637 909 1840 986; x_wconf 75' lang='lat' dir='ltr'>Mattheus</span> <span class='ocrx_word' id='word_1_295' title='bbox 1856 915 1924 988; x_wconf 91' lang='lat' dir='ltr'>iter</span> <span class='ocrx_word' id='word_1_296' title='bbox 1940 917 2118 1009; x_wconf 91' lang='lat' dir='ltr'>ingressus</span> <span class='ocrx_word' id='word_1_297' title='bbox 2135 933 2206 1000; x_wconf 85' lang='lat' dir='ltr'>est,</span> <span class='ocrx_word' id='word_1_298' title='bbox 2233 945 2293 988; x_wconf 89' lang='lat' dir='ltr'>ac-</span> 
     </span>
     <span class='ocr_line' id='line_1_53' title="bbox 1293 1018 2294 1113; baseline 0.004 -28"><span class='ocrx_word' id='word_1_299' title='bbox 1293 1021 1424 1110; x_wconf 86' lang='lat' dir='ltr'>cepisse</span> <span class='ocrx_word' id='word_1_300' title='bbox 1442 1033 1474 1088; x_wconf 90' lang='lat' dir='ltr'>te</span> <span class='ocrx_word' id='word_1_301' title='bbox 1499 1031 1636 1088; x_wconf 91' lang='lat' dir='ltr'>nostras</span> <span class='ocrx_word' id='word_1_302' title='bbox 1651 1018 1786 1088; x_wconf 91' lang='lat' dir='ltr'>litteras</span> <span class='ocrx_word' id='word_1_303' title='bbox 1800 1019 2005 1092; x_wconf 89' lang='lat' dir='ltr'>ratiocinor.</span> <span class='ocrx_word' id='word_1_304' title='bbox 2051 1023 2177 1113; x_wconf 73' lang='lat' dir='ltr'>&#39;Atque</span> <span class='ocrx_word' id='word_1_305' title='bbox 2193 1045 2294 1090; x_wconf 90' lang='lat' dir='ltr'>nuuc</span> 
     </span>
     <span class='ocr_line' id='line_1_54' title="bbox 1293 1113 2294 1218; baseline 0 -28"><span class='ocrx_word' id='word_1_306' title='bbox 1293 1123 1438 1212; x_wconf 89' lang='lat' dir='ltr'>quidem</span> <span class='ocrx_word' id='word_1_307' title='bbox 1455 1115 1548 1188; x_wconf 91' lang='lat' dir='ltr'>nibil</span> <span class='ocrx_word' id='word_1_308' title='bbox 1566 1117 1736 1190; x_wconf 91' lang='lat' dir='ltr'>habemus</span> <span class='ocrx_word' id='word_1_309' title='bbox 1753 1113 1959 1218; x_wconf 75' lang='grc' dir='ltr'><em>ἀξιόλογον.</em></span> <span class='ocrx_word' id='word_1_310' title='bbox 2011 1119 2060 1193; x_wconf 85' lang='lat' dir='ltr'>Et</span> <span class='ocrx_word' id='word_1_311' title='bbox 2074 1123 2118 1192; x_wconf 92' lang='lat' dir='ltr'>de</span> <span class='ocrx_word' id='word_1_312' title='bbox 2143 1123 2188 1192; x_wconf 92' lang='lat' dir='ltr'>iis</span> <span class='ocrx_word' id='word_1_313' title='bbox 2211 1149 2294 1190; x_wconf 93' lang='lat' dir='ltr'>mu-</span> 
     </span>
     <span class='ocr_line' id='line_1_55' title="bbox 1294 1215 2293 1315; baseline 0.001 -24"><span class='ocrx_word' id='word_1_314' title='bbox 1294 1223 1457 1295; x_wconf 90' lang='lat' dir='ltr'>tationib.</span> <span class='ocrx_word' id='word_1_315' title='bbox 1482 1215 1568 1315; x_wconf 78' lang='lat' dir='ltr'>quas</span> <span class='ocrx_word' id='word_1_316' title='bbox 1599 1223 1804 1312; x_wconf 90' lang='lat' dir='ltr'>impendere</span> <span class='ocrx_word' id='word_1_317' title='bbox 1836 1225 2043 1309; x_wconf 91' lang='lat' dir='ltr'>metuimus,</span> <span class='ocrx_word' id='word_1_318' title='bbox 2083 1248 2204 1294; x_wconf 88' lang='lat' dir='ltr'>coram</span> <span class='ocrx_word' id='word_1_319' title='bbox 2240 1225 2293 1292; x_wconf 90' lang='lat' dir='ltr'>lo-</span> 
     </span>
     <span class='ocr_line' id='line_1_56' title="bbox 1294 1323 2293 1419; baseline -0.002 -25"><span class='ocrx_word' id='word_1_320' title='bbox 1294 1349 1456 1419; x_wconf 91' lang='lat' dir='ltr'>quemur.</span> <span class='ocrx_word' id='word_1_321' title='bbox 1508 1326 1573 1394; x_wconf 91' lang='lat' dir='ltr'>llla</span> <span class='ocrx_word' id='word_1_322' title='bbox 1593 1325 1688 1392; x_wconf 88' lang='lat' dir='ltr'>enirn</span> <span class='ocrx_word' id='word_1_323' title='bbox 1704 1339 1930 1412; x_wconf 86' lang='lat' dir='ltr'>argumenta,</span> <span class='ocrx_word' id='word_1_324' title='bbox 1954 1339 1994 1395; x_wconf 91' lang='lat' dir='ltr'>ut</span> <span class='ocrx_word' id='word_1_325' title='bbox 2008 1323 2221 1396; x_wconf 86' lang='lat' dir='ltr'>Aristoteles</span> <span class='ocrx_word' id='word_1_326' title='bbox 2237 1327 2293 1394; x_wconf 89' lang='lat' dir='ltr'>di·</span> 
     </span>
     <span class='ocr_line' id='line_1_57' title="bbox 1296 1423 2292 1520; baseline -0.001 -24"><span class='ocrx_word' id='word_1_327' title='bbox 1296 1451 1373 1496; x_wconf 90' lang='lat' dir='ltr'>cere</span> <span class='ocrx_word' id='word_1_328' title='bbox 1396 1427 1548 1513; x_wconf 90' lang='lat' dir='ltr'>solebat,</span> <span class='ocrx_word' id='word_1_329' title='bbox 1575 1449 1648 1494; x_wconf 92' lang='lat' dir='ltr'>non</span> <span class='ocrx_word' id='word_1_330' title='bbox 1675 1439 1758 1494; x_wconf 92' lang='lat' dir='ltr'>sunt</span> <span class='ocrx_word' id='word_1_331' title='bbox 1774 1423 2001 1512; x_wconf 66' lang='lat' dir='ltr'>corocottae,</span> <span class='ocrx_word' id='word_1_332' title='bbox 2030 1429 2094 1497; x_wconf 92' lang='lat' dir='ltr'>etsi</span> <span class='ocrx_word' id='word_1_333' title='bbox 2118 1451 2185 1516; x_wconf 89' lang='lat' dir='ltr'>ego</span> <span class='ocrx_word' id='word_1_334' title='bbox 2211 1427 2292 1520; x_wconf 92' lang='lat' dir='ltr'>qui-</span> 
     </span>
     <span class='ocr_line' id='line_1_58' title="bbox 1296 1527 2293 1620; baseline -0.001 -23"><span class='ocrx_word' id='word_1_335' title='bbox 1296 1531 1374 1597; x_wconf 92' lang='lat' dir='ltr'>dem</span> <span class='ocrx_word' id='word_1_336' title='bbox 1392 1541 1529 1598; x_wconf 88' lang='lat' dir='ltr'>nostras</span> <span class='ocrx_word' id='word_1_337' title='bbox 1542 1527 1706 1618; x_wconf 85' lang='lat' dir='ltr'>epistolas</span> <span class='ocrx_word' id='word_1_338' title='bbox 1725 1528 1805 1596; x_wconf 87' lang='lat' dir='ltr'>volo</span> <span class='ocrx_word' id='word_1_339' title='bbox 1823 1529 1867 1597; x_wconf 91' lang='lat' dir='ltr'>de</span> <span class='ocrx_word' id='word_1_340' title='bbox 1882 1529 1954 1597; x_wconf 91' lang='lat' dir='ltr'>illis</span> <span class='ocrx_word' id='word_1_341' title='bbox 1971 1529 2054 1620; x_wconf 90' lang='lat' dir='ltr'>ipsis</span> <span class='ocrx_word' id='word_1_342' title='bbox 2067 1529 2175 1599; x_wconf 88' lang='lat' dir='ltr'>rebus</span> <span class='ocrx_word' id='word_1_343' title='bbox 2191 1553 2293 1620; x_wconf 89' lang='lat' dir='ltr'>prae-</span> 
     </span>
     <span class='ocr_line' id='line_1_59' title="bbox 1296 1626 2293 1721; baseline -0.001 -21"><span class='ocrx_word' id='word_1_344' title='bbox 1296 1653 1398 1721; x_wconf 79' lang='lat' dir='ltr'>cipue</span> <span class='ocrx_word' id='word_1_345' title='bbox 1415 1630 1630 1700; x_wconf 88' lang='lat' dir='ltr'>concionari.</span> <span class='ocrx_word' id='word_1_346' title='bbox 1683 1626 1784 1699; x_wconf 89' lang='lat' dir='ltr'>Nihil</span> <span class='ocrx_word' id='word_1_347' title='bbox 1800 1645 1851 1699; x_wconf 93' lang='lat' dir='ltr'>est</span> <span class='ocrx_word' id='word_1_348' title='bbox 1865 1631 1958 1698; x_wconf 90' lang='lat' dir='ltr'>enim</span> <span class='ocrx_word' id='word_1_349' title='bbox 1975 1631 2013 1699; x_wconf 90' lang='lat' dir='ltr'>iu</span> <span class='ocrx_word' id='word_1_350' title='bbox 2029 1629 2117 1699; x_wconf 89' lang='lat' dir='ltr'>meis</span> <span class='ocrx_word' id='word_1_351' title='bbox 2131 1631 2293 1700; x_wconf 82' lang='lat' dir='ltr'>corrsiliis</span> 
     </span>
     <span class='ocr_line' id='line_1_60' title="bbox 1295 1730 2004 1821; baseline 0.003 -19"><span class='ocrx_word' id='word_1_352' title='bbox 1295 1749 1357 1804; x_wconf 88' lang='lat' dir='ltr'>aut</span> <span class='ocrx_word' id='word_1_353' title='bbox 1373 1731 1572 1821; x_wconf 86' lang='lat' dir='ltr'>opinionib·</span> <span class='ocrx_word' id='word_1_354' title='bbox 1588 1731 1684 1821; x_wconf 84' lang='lat' dir='ltr'>quod</span> <span class='ocrx_word' id='word_1_355' title='bbox 1699 1730 1870 1801; x_wconf 90' lang='lat' dir='ltr'>occultari</span> <span class='ocrx_word' id='word_1_356' title='bbox 1887 1731 2004 1804; x_wconf 90' lang='lat' dir='ltr'>velim.</span> 
     </span>
    </p>

    <p class='ocr_par' dir='ltr' id='par_1_24' title="bbox 1296 1825 2294 2130">
     <span class='ocr_line' id='line_1_61' title="bbox 1398 1825 2294 1929; baseline 0 -27"><span class='ocrx_word' id='word_1_357' title='bbox 1398 1831 1516 1902; x_wconf 89' lang='lat' dir='ltr'>Hodie</span> <span class='ocrx_word' id='word_1_358' title='bbox 1538 1832 1741 1908; x_wconf 87' lang='lat' dir='ltr'>adolescens</span> <span class='ocrx_word' id='word_1_359' title='bbox 1763 1825 1914 1929; x_wconf 76' lang='grc' dir='ltr'><em>εὐγενὴς</em></span> <span class='ocrx_word' id='word_1_360' title='bbox 1938 1834 2078 1902; x_wconf 86' lang='lat' dir='ltr'>rediens</span> <span class='ocrx_word' id='word_1_361' title='bbox 2102 1857 2143 1902; x_wconf 82' lang='lat' dir='ltr'>ex</span> <span class='ocrx_word' id='word_1_362' title='bbox 2167 1831 2294 1924; x_wconf 88' lang='lat' dir='ltr'>Augu-</span> 
     </span>
     <span class='ocr_line' id='line_1_62' title="bbox 1296 1930 2294 2020; baseline 0.001 -16"><span class='ocrx_word' id='word_1_363' title='bbox 1296 1951 1397 2005; x_wconf 90' lang='lat' dir='ltr'>stano</span> <span class='ocrx_word' id='word_1_364' title='bbox 1415 1949 1610 2018; x_wconf 89' lang='lat' dir='ltr'>conventu,</span> <span class='ocrx_word' id='word_1_365' title='bbox 1637 1935 1751 2003; x_wconf 90' lang='lat' dir='ltr'>iturus</span> <span class='ocrx_word' id='word_1_366' title='bbox 1774 1933 1813 2002; x_wconf 92' lang='lat' dir='ltr'>in</span> <span class='ocrx_word' id='word_1_367' title='bbox 1828 1931 2005 2006; x_wconf 82' lang='lat' dir='ltr'>Pru&#39;ssiam</span> <span class='ocrx_word' id='word_1_368' title='bbox 2023 1930 2086 2006; x_wconf 90' lang='lat' dir='ltr'>hac</span> <span class='ocrx_word' id='word_1_369' title='bbox 2108 1937 2180 2006; x_wconf 87' lang='lat' dir='ltr'>iter</span> <span class='ocrx_word' id='word_1_370' title='bbox 2201 1938 2294 2020; x_wconf 82' lang='lat' dir='ltr'>fecit,</span> 
     </span>
     <span class='ocr_line' id='line_1_63' title="bbox 1297 2033 2294 2130; baseline 0 -24"><span class='ocrx_word' id='word_1_371' title='bbox 1297 2064 1336 2106; x_wconf 90' lang='lat' dir='ltr'>ac</span> <span class='ocrx_word' id='word_1_372' title='bbox 1355 2051 1530 2128; x_wconf 86' lang='lat' dir='ltr'>properat.</span> <span class='ocrx_word' id='word_1_373' title='bbox 1556 2033 1611 2104; x_wconf 87' lang='lat' dir='ltr'>De</span> <span class='ocrx_word' id='word_1_374' title='bbox 1626 2033 1766 2125; x_wconf 89' lang='lat' dir='ltr'>Repub.</span> <span class='ocrx_word' id='word_1_375' title='bbox 1781 2059 1855 2104; x_wconf 92' lang='lat' dir='ltr'>non</span> <span class='ocrx_word' id='word_1_376' title='bbox 1873 2037 1984 2107; x_wconf 89' lang='lat' dir='ltr'>multa</span> <span class='ocrx_word' id='word_1_377' title='bbox 2001 2061 2146 2108; x_wconf 89' lang='lat' dir='ltr'>narrare</span> <span class='ocrx_word' id='word_1_378' title='bbox 2162 2039 2294 2130; x_wconf 84' lang='lat' dir='ltr'>potuit:</span> 
     </span>
    </p>

    <p class='ocr_par' dir='ltr' id='par_1_25' title="bbox 1298 2144 2294 2732">
     <span class='ocr_line' id='line_1_64' title="bbox 1379 2144 1935 2232; baseline 0 -20"><span class='ocrx_word' id='word_1_379' title='bbox 1379 2147 1433 2212; x_wconf 73' lang='lat' dir='ltr'>siu</span> <span class='ocrx_word' id='word_1_380' title='bbox 1445 2147 1504 2232; x_wconf 77' lang='grc' dir='ltr'>γὰρ</span> <span class='ocrx_word' id='word_1_381' title='bbox 1521 2148 1647 2232; x_wconf 76' lang='grc' dir='ltr'>φροντὶς</span> <span class='ocrx_word' id='word_1_382' title='bbox 1664 2144 1719 2212; x_wconf 80' lang='grc' dir='ltr'>οὐκ</span> <span class='ocrx_word' id='word_1_383' title='bbox 1734 2144 1834 2230; x_wconf 72' lang='grc' dir='ltr'><em>ἀλγεῖν</em></span> <span class='ocrx_word' id='word_1_384' title='bbox 1850 2152 1935 2232; x_wconf 76' lang='grc' dir='ltr'><strong><em>φιλεῖ</em></strong></span> 
     </span>
     <span class='ocr_line' id='line_1_65' title="bbox 1298 2251 2294 2347; baseline -0.005 -20"><span class='ocrx_word' id='word_1_385' title='bbox 1298 2255 1368 2327; x_wconf 89' lang='lat' dir='ltr'>Sed</span> <span class='ocrx_word' id='word_1_386' title='bbox 1390 2255 1439 2324; x_wconf 89' lang='lat' dir='ltr'>ait</span> <span class='ocrx_word' id='word_1_387' title='bbox 1461 2253 1635 2344; x_wconf 85' lang='lat' dir='ltr'>expectari</span> <span class='ocrx_word' id='word_1_388' title='bbox 1658 2255 1849 2324; x_wconf 90' lang='lat' dir='ltr'>adventum</span> <span class='ocrx_word' id='word_1_389' title='bbox 1874 2254 1938 2322; x_wconf 86' lang='lat' dir='ltr'>filii</span> <span class='ocrx_word' id='word_1_390' title='bbox 1953 2251 2074 2324; x_wconf 89' lang='lat' dir='ltr'>Caroli</span> <span class='ocrx_word' id='word_1_391' title='bbox 2091 2251 2184 2347; x_wconf 92' lang='lat' dir='ltr'>lmp.</span> <span class='ocrx_word' id='word_1_392' title='bbox 2199 2279 2294 2324; x_wconf 85' lang='lat' dir='ltr'>eam-</span> 
     </span>
     <span class='ocr_line' id='line_1_66' title="bbox 1299 2355 2292 2450; baseline -0.005 -22"><span class='ocrx_word' id='word_1_393' title='bbox 1299 2382 1367 2450; x_wconf 87' lang='lat' dir='ltr'>que</span> <span class='ocrx_word' id='word_1_394' title='bbox 1384 2380 1503 2425; x_wconf 90' lang='lat' dir='ltr'>morae</span> <span class='ocrx_word' id='word_1_395' title='bbox 1521 2378 1677 2424; x_wconf 88' lang='lat' dir='ltr'>caussam</span> <span class='ocrx_word' id='word_1_396' title='bbox 1698 2377 1770 2422; x_wconf 90' lang='lat' dir='ltr'>esse</span> <span class='ocrx_word' id='word_1_397' title='bbox 1786 2355 1824 2422; x_wconf 92' lang='lat' dir='ltr'>in</span> <span class='ocrx_word' id='word_1_398' title='bbox 1841 2356 2157 2426; x_wconf 86' lang='lat' dir='ltr'>deliberationibus</span> <span class='ocrx_word' id='word_1_399' title='bbox 2174 2359 2292 2446; x_wconf 86' lang='lat' dir='ltr'>publi-</span> 
     </span>
     <span class='ocr_line' id='line_1_67' title="bbox 1300 2454 2293 2550; baseline 0.003 -24"><span class='ocrx_word' id='word_1_400' title='bbox 1300 2459 1359 2528; x_wconf 92' lang='lat' dir='ltr'>cis.</span> <span class='ocrx_word' id='word_1_401' title='bbox 1411 2457 1536 2548; x_wconf 85' lang='lat' dir='ltr'>Sperat</span> <span class='ocrx_word' id='word_1_402' title='bbox 1566 2481 1639 2524; x_wconf 88' lang='lat' dir='ltr'>uun</span> <span class='ocrx_word' id='word_1_403' title='bbox 1668 2479 1917 2526; x_wconf 87' lang='lat' dir='ltr'>concessurum</span> <span class='ocrx_word' id='word_1_404' title='bbox 1937 2454 2106 2526; x_wconf 89' lang='lat' dir='ltr'>Carolum</span> <span class='ocrx_word' id='word_1_405' title='bbox 2132 2456 2225 2550; x_wconf 92' lang='lat' dir='ltr'>lmp.</span> <span class='ocrx_word' id='word_1_406' title='bbox 2257 2475 2293 2530; x_wconf 90' lang='lat' dir='ltr'>ut</span> 
     </span>
     <span class='ocr_line' id='line_1_68' title="bbox 1299 2556 2293 2632; baseline 0.002 -2"><span class='ocrx_word' id='word_1_407' title='bbox 1299 2559 1461 2630; x_wconf 90' lang='lat' dir='ltr'>Prussiae</span> <span class='ocrx_word' id='word_1_408' title='bbox 1493 2559 1626 2629; x_wconf 92' lang='lat' dir='ltr'>bellum</span> <span class='ocrx_word' id='word_1_409' title='bbox 1656 2556 1842 2628; x_wconf 81' lang='lat' dir='ltr'>inferatur.</span> <span class='ocrx_word' id='word_1_410' title='bbox 1899 2557 1969 2628; x_wconf 91' lang='lat' dir='ltr'>Sed</span> <span class='ocrx_word' id='word_1_411' title='bbox 1996 2562 2181 2630; x_wconf 87' lang='lat' dir='ltr'>mirandae</span> <span class='ocrx_word' id='word_1_412' title='bbox 2210 2577 2293 2632; x_wconf 86' lang='lat' dir='ltr'>sunt</span> 
     </span>
     <span class='ocr_line' id='line_1_69' title="bbox 1300 2657 1807 2732; baseline -0.012 -1"><span class='ocrx_word' id='word_1_413' title='bbox 1300 2663 1551 2732; x_wconf 88' lang='lat' dir='ltr'>occultationes</span> <span class='ocrx_word' id='word_1_414' title='bbox 1565 2657 1807 2730; x_wconf 88' lang='lat' dir='ltr'>consiliorum.</span> 
     </span>
    </p>

    <p class='ocr_par' dir='ltr' id='par_1_26' title="bbox 1299 2755 2293 3257">
     <span class='ocr_line' id='line_1_70' title="bbox 1403 2755 2293 2851; baseline 0.004 -21"><span class='ocrx_word' id='word_1_415' title='bbox 1403 2759 1522 2832; x_wconf 84' lang='lat' dir='ltr'>Eberi</span> <span class='ocrx_word' id='word_1_416' title='bbox 1544 2755 1726 2830; x_wconf 90' lang='lat' dir='ltr'>historiam</span> <span class='ocrx_word' id='word_1_417' title='bbox 1758 2760 1860 2829; x_wconf 90' lang='lat' dir='ltr'>brevi</span> <span class='ocrx_word' id='word_1_418' title='bbox 1894 2775 1935 2830; x_wconf 87' lang='lat' dir='ltr'>ut</span> <span class='ocrx_word' id='word_1_419' title='bbox 1957 2783 2059 2851; x_wconf 88' lang='lat' dir='ltr'>spero</span> <span class='ocrx_word' id='word_1_420' title='bbox 2087 2763 2178 2833; x_wconf 91' lang='lat' dir='ltr'>istuc</span> <span class='ocrx_word' id='word_1_421' title='bbox 2206 2765 2293 2834; x_wconf 86' lang='lat' dir='ltr'>alle-</span> 
     </span>
     <span class='ocr_line' id='line_1_71' title="bbox 1299 2860 2291 2953; baseline 0.002 -19"><span class='ocrx_word' id='word_1_422' title='bbox 1299 2889 1388 2938; x_wconf 89' lang='lat' dir='ltr'>ram.</span> <span class='ocrx_word' id='word_1_423' title='bbox 1455 2860 1618 2934; x_wconf 90' lang='lat' dir='ltr'>Omnino</span> <span class='ocrx_word' id='word_1_424' title='bbox 1649 2863 1744 2931; x_wconf 84' lang='lat' dir='ltr'>enirn</span> <span class='ocrx_word' id='word_1_425' title='bbox 1774 2865 1818 2931; x_wconf 90' lang='lat' dir='ltr'>ad</span> <span class='ocrx_word' id='word_1_426' title='bbox 1850 2885 1912 2931; x_wconf 87' lang='lat' dir='ltr'>vos</span> <span class='ocrx_word' id='word_1_427' title='bbox 1942 2865 2110 2953; x_wconf 87' lang='lat' dir='ltr'>expatiari</span> <span class='ocrx_word' id='word_1_428' title='bbox 2140 2867 2291 2938; x_wconf 82' lang='lat' dir='ltr'>decrevi.</span> 
     </span>
     <span class='ocr_line' id='line_1_72' title="bbox 1301 2959 2291 3055; baseline 0.001 -20"><span class='ocrx_word' id='word_1_429' title='bbox 1301 2965 1441 3055; x_wconf 89' lang='lat' dir='ltr'>Hospiti</span> <span class='ocrx_word' id='word_1_430' title='bbox 1458 2980 1519 3034; x_wconf 89' lang='lat' dir='ltr'>tuo</span> <span class='ocrx_word' id='word_1_431' title='bbox 1535 2988 1638 3055; x_wconf 89' lang='lat' dir='ltr'>spero</span> <span class='ocrx_word' id='word_1_432' title='bbox 1660 2964 1847 3033; x_wconf 85' lang='lat' dir='ltr'>lectionem</span> <span class='ocrx_word' id='word_1_433' title='bbox 1871 2965 1946 3033; x_wconf 90' lang='lat' dir='ltr'>eius</span> <span class='ocrx_word' id='word_1_434' title='bbox 1970 2959 2139 3036; x_wconf 90' lang='lat' dir='ltr'>historiae</span> <span class='ocrx_word' id='word_1_435' title='bbox 2159 2969 2203 3036; x_wconf 91' lang='lat' dir='ltr'>de</span> <span class='ocrx_word' id='word_1_436' title='bbox 2222 2963 2291 3036; x_wconf 82' lang='lat' dir='ltr'>Ec-</span> 
     </span>
     <span class='ocr_line' id='line_1_73' title="bbox 1302 3065 2290 3158; baseline -0.001 -20"><span class='ocrx_word' id='word_1_437' title='bbox 1302 3070 1427 3138; x_wconf 91' lang='lat' dir='ltr'>clesiae</span> <span class='ocrx_word' id='word_1_438' title='bbox 1445 3081 1601 3149; x_wconf 89' lang='lat' dir='ltr'>senecta,</span> <span class='ocrx_word' id='word_1_439' title='bbox 1618 3065 1773 3158; x_wconf 84' lang='lat' dir='ltr'>aliquam</span> <span class='ocrx_word' id='word_1_440' title='bbox 1790 3066 2001 3136; x_wconf 88' lang='lat' dir='ltr'>levationem</span> <span class='ocrx_word' id='word_1_441' title='bbox 2018 3068 2202 3136; x_wconf 92' lang='lat' dir='ltr'>allaturam</span> <span class='ocrx_word' id='word_1_442' title='bbox 2218 3092 2290 3137; x_wconf 88' lang='lat' dir='ltr'>esse</span> 
     </span>
     <span class='ocr_line' id='line_1_74' title="bbox 1302 3165 2291 3257; baseline 0.002 -19"><span class='ocrx_word' id='word_1_443' title='bbox 1302 3171 1511 3242; x_wconf 88' lang='lat' dir='ltr'>moesticiae.</span> <span class='ocrx_word' id='word_1_444' title='bbox 1562 3167 1632 3237; x_wconf 89' lang='lat' dir='ltr'>Sed</span> <span class='ocrx_word' id='word_1_445' title='bbox 1656 3167 1755 3257; x_wconf 90' lang='lat' dir='ltr'>plura</span> <span class='ocrx_word' id='word_1_446' title='bbox 1780 3192 1909 3239; x_wconf 81' lang='lat' dir='ltr'>corant.</span> <span class='ocrx_word' id='word_1_447' title='bbox 1960 3165 2057 3237; x_wconf 88' lang='lat' dir='ltr'>Bene</span> <span class='ocrx_word' id='word_1_448' title='bbox 2083 3183 2117 3237; x_wconf 92' lang='lat' dir='ltr'>et</span> <span class='ocrx_word' id='word_1_449' title='bbox 2142 3170 2291 3240; x_wconf 83' lang='lat' dir='ltr'>feliciter</span> 
     </span>
    </p>
   </div>
   <div class='ocr_carea' id='block_1_24' title="bbox 259 3267 2289 3440">
    <p class='ocr_par' dir='ltr' id='par_1_27' title="bbox 259 3267 2289 3440">
     <span class='ocr_line' id='line_1_75' title="bbox 620 3267 2289 3359; baseline 0.002 -23"><span class='ocrx_word' id='word_1_450' title='bbox 620 3340 627 3357; x_wconf 55' lang='lat'>,</span> <span class='ocrx_word' id='word_1_451' title='bbox 893 3341 901 3359; x_wconf 59' lang='grc'><strong><em>,</em></strong></span> <span class='ocrx_word' id='word_1_452' title='bbox 1194 3295 1204 3323; x_wconf 68' lang='lat'><em>1</em></span> <span class='ocrx_word' id='word_1_453' title='bbox 1302 3274 1390 3344; x_wconf 89' lang='lat' dir='ltr'>vale.</span> <span class='ocrx_word' id='word_1_454' title='bbox 1416 3272 1512 3342; x_wconf 92' lang='lat' dir='ltr'>Deus</span> <span class='ocrx_word' id='word_1_455' title='bbox 1528 3282 1691 3338; x_wconf 89' lang='lat' dir='ltr'>aeternus</span> <span class='ocrx_word' id='word_1_456' title='bbox 1706 3282 1803 3358; x_wconf 89' lang='lat' dir='ltr'>pater</span> <span class='ocrx_word' id='word_1_457' title='bbox 1819 3270 1955 3339; x_wconf 84' lang='lat' dir='ltr'>dunrini</span> <span class='ocrx_word' id='word_1_458' title='bbox 1972 3271 2084 3340; x_wconf 92' lang='lat' dir='ltr'>nostri</span> <span class='ocrx_word' id='word_1_459' title='bbox 2103 3267 2289 3342; x_wconf 86' lang='lat' dir='ltr'>lesquri·</span> 
     </span>
     <span class='ocr_line' id='line_1_76' title="bbox 259 3332 1266 3440; baseline 0.002 -30"><span class='ocrx_word' id='word_1_460' title='bbox 259 3333 339 3410; x_wconf 84' lang='lat' dir='ltr'>Ma</span> <span class='ocrx_word' id='word_1_461' title='bbox 350 3332 469 3412; x_wconf 85' lang='lat' dir='ltr'>rcoC</span> <span class='ocrx_word' id='word_1_462' title='bbox 475 3337 605 3410; x_wconf 82' lang='lat' dir='ltr'>rodel</span> <span class='ocrx_word' id='word_1_463' title='bbox 611 3366 664 3423; x_wconf 86' lang='grc' dir='ltr'>ιο,</span> <span class='ocrx_word' id='word_1_464' title='bbox 672 3340 897 3436; x_wconf 76' lang='lat' dir='ltr'>gubernante</span> <span class='ocrx_word' id='word_1_465' title='bbox 913 3336 1080 3416; x_wconf 84' lang='lat' dir='ltr'>scholam</span> <span class='ocrx_word' id='word_1_466' title='bbox 1090 3337 1266 3440; x_wconf 70' lang='lat' dir='ltr'>Targae.</span> 
     </span>
    </p>
   </div>
   <div class='ocr_carea' id='block_1_25' title="bbox 1300 3367 2290 3555">
    <p class='ocr_par' dir='ltr' id='par_1_28' title="bbox 1300 3367 2290 3555">
     <span class='ocr_line' id='line_1_77' title="bbox 1302 3367 2288 3442; baseline 0.001 -2"><span class='ocrx_word' id='word_1_467' title='bbox 1302 3374 1345 3442; x_wconf 91' lang='lat' dir='ltr'>sti</span> <span class='ocrx_word' id='word_1_468' title='bbox 1368 3374 1533 3442; x_wconf 90' lang='lat' dir='ltr'>conditor</span> <span class='ocrx_word' id='word_1_469' title='bbox 1551 3367 1728 3438; x_wconf 86' lang='lat' dir='ltr'>Ecclesiae</span> <span class='ocrx_word' id='word_1_470' title='bbox 1752 3394 1834 3439; x_wconf 87' lang='lat' dir='ltr'>suae</span> <span class='ocrx_word' id='word_1_471' title='bbox 1855 3386 1968 3439; x_wconf 87' lang='lat' dir='ltr'>servet</span> <span class='ocrx_word' id='word_1_472' title='bbox 1993 3385 2026 3439; x_wconf 90' lang='lat' dir='ltr'>te</span> <span class='ocrx_word' id='word_1_473' title='bbox 2044 3387 2079 3441; x_wconf 89' lang='lat' dir='ltr'>et</span> <span class='ocrx_word' id='word_1_474' title='bbox 2097 3369 2288 3442; x_wconf 85' lang='lat' dir='ltr'>Ecclesiam</span> 
     </span>
     <span class='ocr_line' id='line_1_78' title="bbox 1300 3469 2290 3555; baseline 0.006 -12"><span class='ocrx_word' id='word_1_475' title='bbox 1300 3487 1399 3543; x_wconf 90' lang='lat' dir='ltr'>tuam</span> <span class='ocrx_word' id='word_1_476' title='bbox 1415 3471 1654 3544; x_wconf 84' lang='lat' dir='ltr'>domesticam.</span> <span class='ocrx_word' id='word_1_477' title='bbox 1679 3469 1813 3542; x_wconf 88' lang='lat' dir='ltr'>Iterum</span> <span class='ocrx_word' id='word_1_478' title='bbox 1828 3473 1924 3555; x_wconf 87' lang='lat' dir='ltr'>vale,</span> <span class='ocrx_word' id='word_1_479' title='bbox 1952 3471 2034 3546; x_wconf 92' lang='lat' dir='ltr'>llll.</span> <span class='ocrx_word' id='word_1_480' title='bbox 2050 3471 2144 3546; x_wconf 89' lang='lat' dir='ltr'>Nou.</span> <span class='ocrx_word' id='word_1_481' title='bbox 2161 3473 2290 3548; x_wconf 87' lang='lat' dir='ltr'>Martii.</span> 
     </span>
    </p>
   </div>
   <div class='ocr_carea' id='block_1_26' title="bbox 1862 3569 2244 3667">
    <p class='ocr_par' dir='ltr' id='par_1_29' title="bbox 1862 3569 2244 3667">
     <span class='ocr_line' id='line_1_79' title="bbox 1862 3569 2244 3667; baseline 0.016 -26"><span class='ocrx_word' id='word_1_482' title='bbox 1862 3569 2052 3667; x_wconf 88' lang='lat' dir='ltr'>Philippus</span> <span class='ocrx_word' id='word_1_483' title='bbox 2069 3572 2244 3649; x_wconf 77' lang='lat' dir='ltr'>Melanch.</span> 
     </span>
    </p>
   </div>
   <div class='ocr_carea' id='block_1_27' title="bbox 1298 3875 1496 3974">
    <p class='ocr_par' dir='ltr' id='par_1_30' title="bbox 1298 3875 1496 3974">
     <span class='ocr_line' id='line_1_80' title="bbox 1298 3875 1496 3974; baseline 0.02 -6"><span class='ocrx_word' id='word_1_484' title='bbox 1298 3875 1365 3973; x_wconf 81' lang='lat' dir='ltr'>No.</span> <span class='ocrx_word' id='word_1_485' title='bbox 1383 3895 1496 3974; x_wconf 83' lang='lat'>4166.</span> 
     </span>
    </p>
   </div>
   <div class='ocr_carea' id='block_1_28' title="bbox 1300 4001 1509 4034">
    <p class='ocr_par' dir='ltr' id='par_1_31' title="bbox 1300 4001 1509 4034">
     <span class='ocr_line' id='line_1_81' title="bbox 1300 4001 1509 4034; baseline 0.01 -3"><span class='ocrx_word' id='word_1_486' title='bbox 1300 4001 1509 4034; x_wconf 55' lang='lat' dir='ltr'>Nm</span> 
     </span>
    </p>
   </div>
   <div class='ocr_carea' id='block_1_29' title="bbox 1585 4086 2007 4200">
    <p class='ocr_par' dir='ltr' id='par_1_32' title="bbox 1585 4086 2007 4200">
     <span class='ocr_line' id='line_1_82' title="bbox 1585 4086 2007 4200; baseline 0 -30"><span class='ocrx_word' id='word_1_487' title='bbox 1585 4087 1653 4170; x_wconf 90' lang='grc' dir='ltr'>Μ.</span> <span class='ocrx_word' id='word_1_488' title='bbox 1684 4086 2007 4200; x_wconf 84' lang='lat' dir='ltr'>Meienburgio.</span> 
     </span>
    </p>
   </div>
   <div class='ocr_carea' id='block_1_30' title="bbox 1401 4236 1759 4311">
    <p class='ocr_par' dir='ltr' id='par_1_33' title="bbox 1401 4236 1759 4311">
     <span class='ocr_line' id='line_1_83' title="bbox 1401 4236 1759 4311; baseline 0.014 -21"><span class='ocrx_word' id='word_1_489' title='bbox 1401 4236 1489 4310; x_wconf 79' lang='lat' dir='ltr'>Epist.</span> <span class='ocrx_word' id='word_1_490' title='bbox 1503 4237 1550 4294; x_wconf 88' lang='lat' dir='ltr'>lib.</span> <span class='ocrx_word' id='word_1_491' title='bbox 1563 4239 1599 4294; x_wconf 87' lang='lat' dir='ltr'>V.</span> <span class='ocrx_word' id='word_1_492' title='bbox 1612 4257 1640 4311; x_wconf 90' lang='lat' dir='ltr'>p.</span> <span class='ocrx_word' id='word_1_493' title='bbox 1653 4240 1706 4294; x_wconf 78' lang='lat'>644</span> <span class='ocrx_word' id='word_1_494' title='bbox 1717 4259 1759 4311; x_wconf 84' lang='lat' dir='ltr'>sq.</span> 
     </span>
    </p>
   </div>
   <div class='ocr_carea' id='block_1_31' title="bbox 2142 3909 2274 3976">
    <p class='ocr_par' dir='ltr' id='par_1_34' title="bbox 2142 3909 2274 3976">
     <span class='ocr_line' id='line_1_84' title="bbox 2142 3909 2274 3976; baseline -0.03 -4"><span class='ocrx_word' id='word_1_495' title='bbox 2142 3917 2174 3976; x_wconf 85' lang='lat'>5.</span> <span class='ocrx_word' id='word_1_496' title='bbox 2192 3909 2274 3972; x_wconf 76' lang='lat' dir='ltr'>llert.</span> 
     </span>
    </p>
   </div>
   <div class='ocr_carea' id='block_1_32' title="bbox 2125 3999 2287 4027">
    <p class='ocr_par' dir='ltr' id='par_1_35' title="bbox 2125 3999 2287 4027">
     <span class='ocr_line' id='line_1_85' title="bbox 2125 3999 2287 4027; baseline -0.006 0"><span class='ocrx_word' id='word_1_497' title='bbox 2125 3999 2287 4027; x_wconf 57' lang='lat' dir='ltr'>*om</span> 
     </span>
    </p>
   </div>
   <div class='ocr_carea' id='block_1_33' title="bbox 1330 4365 2269 4548">
    <p class='ocr_par' dir='ltr' id='par_1_36' title="bbox 1330 4365 2269 4548">
     <span class='ocr_line' id='line_1_86' title="bbox 1330 4365 2269 4544; baseline 0.007 -103"><span class='ocrx_word' id='word_1_498' title='bbox 1330 4365 1576 4443; x_wconf 78' lang='lat' dir='ltr'>Michaeli</span> <span class='ocrx_word' id='word_1_499' title='bbox 1598 4368 1951 4544; x_wconf 62' lang='lat' dir='ltr'>Meielphurgio,</span> <span class='ocrx_word' id='word_1_500' title='bbox 1984 4373 2269 4450; x_wconf 83' lang='lat' dir='ltr'>cousuli&#39;Nort-</span> 
     </span>
     <span class='ocr_line' id='line_1_87' title="bbox 1748 4499 1880 4548; baseline 0.015 -2"><span class='ocrx_word' id='word_1_501' title='bbox 1748 4499 1880 4548; x_wconf 86' lang='lat' dir='ltr'>usano.</span> 
     </span>
    </p>
   </div>
   <div class='ocr_carea' id='block_1_34' title="bbox 1297 4585 2294 5417">
    <p class='ocr_par' dir='ltr' id='par_1_37' title="bbox 1297 4585 2294 5417">
     <span class='ocr_line' id='line_1_88' title="bbox 1297 4585 2294 4704; baseline 0 -26"><span class='ocrx_word' id='word_1_502' title='bbox 1297 4585 1342 4678; x_wconf 76' lang='lat' dir='ltr'>S.</span> <span class='ocrx_word' id='word_1_503' title='bbox 1367 4605 1411 4676; x_wconf 92' lang='lat' dir='ltr'>D.</span> <span class='ocrx_word' id='word_1_504' title='bbox 1463 4605 1551 4678; x_wconf 90' lang='lat' dir='ltr'>Heri</span> <span class='ocrx_word' id='word_1_505' title='bbox 1575 4609 1694 4677; x_wconf 88' lang='lat' dir='ltr'>literas</span> <span class='ocrx_word' id='word_1_506' title='bbox 1714 4607 1759 4684; x_wconf 92' lang='lat' dir='ltr'>D.</span> <span class='ocrx_word' id='word_1_507' title='bbox 1781 4607 2006 4704; x_wconf 72' lang='lat' dir='ltr'>Hieronymi</span> <span class='ocrx_word' id='word_1_508' title='bbox 2028 4605 2294 4704; x_wconf 84' lang='lat' dir='ltr'>Bumgnrtneri</span> 
     </span>
     <span class='ocr_line' id='line_1_89' title="bbox 1299 4706 2290 4804; baseline 0.004 -26"><span class='ocrx_word' id='word_1_509' title='bbox 1299 4711 1416 4802; x_wconf 88' lang='lat' dir='ltr'>accepi</span> <span class='ocrx_word' id='word_1_510' title='bbox 1442 4734 1562 4780; x_wconf 90' lang='lat' dir='ltr'>recens</span> <span class='ocrx_word' id='word_1_511' title='bbox 1586 4711 1749 4801; x_wconf 87' lang='lat' dir='ltr'>scriptas,</span> <span class='ocrx_word' id='word_1_512' title='bbox 1776 4711 1814 4779; x_wconf 90' lang='lat' dir='ltr'>in</span> <span class='ocrx_word' id='word_1_513' title='bbox 1838 4713 1969 4804; x_wconf 90' lang='lat' dir='ltr'>quibus</span> <span class='ocrx_word' id='word_1_514' title='bbox 1991 4706 2078 4782; x_wconf 89' lang='lat' dir='ltr'>haec</span> <span class='ocrx_word' id='word_1_515' title='bbox 2102 4715 2290 4785; x_wconf 90' lang='lat' dir='ltr'>continen-</span> 
     </span>
     <span class='ocr_line' id='line_1_90' title="bbox 1301 4809 2292 4886; baseline 0.001 -5"><span class='ocrx_word' id='word_1_516' title='bbox 1301 4825 1369 4886; x_wconf 92' lang='lat' dir='ltr'>tur.</span> <span class='ocrx_word' id='word_1_517' title='bbox 1422 4809 1464 4881; x_wconf 92' lang='lat' dir='ltr'>ln</span> <span class='ocrx_word' id='word_1_518' title='bbox 1491 4814 1746 4882; x_wconf 88' lang='lat' dir='ltr'>deliberatione</span> <span class='ocrx_word' id='word_1_519' title='bbox 1766 4814 1810 4882; x_wconf 93' lang='lat' dir='ltr'>de</span> <span class='ocrx_word' id='word_1_520' title='bbox 1831 4811 2000 4884; x_wconf 89' lang='lat' dir='ltr'>Ecclesiis</span> <span class='ocrx_word' id='word_1_521' title='bbox 2022 4828 2161 4884; x_wconf 88' lang='lat' dir='ltr'>tantum</span> <span class='ocrx_word' id='word_1_522' title='bbox 2181 4831 2292 4886; x_wconf 85' lang='lat' dir='ltr'>certa-</span> 
     </span>
     <span class='ocr_line' id='line_1_91' title="bbox 1300 4915 2292 5008; baseline 0.003 -26"><span class='ocrx_word' id='word_1_523' title='bbox 1300 4937 1382 4983; x_wconf 89' lang='lat' dir='ltr'>men</span> <span class='ocrx_word' id='word_1_524' title='bbox 1407 4937 1528 4984; x_wconf 88' lang='lat' dir='ltr'>recens</span> <span class='ocrx_word' id='word_1_525' title='bbox 1549 4915 1617 4984; x_wconf 85' lang='lat' dir='ltr'>fuit</span> <span class='ocrx_word' id='word_1_526' title='bbox 1644 4916 1689 4982; x_wconf 89' lang='lat' dir='ltr'>de</span> <span class='ocrx_word' id='word_1_527' title='bbox 1717 4917 1980 4987; x_wconf 85' lang='lat' dir='ltr'>consecratione</span> <span class='ocrx_word' id='word_1_528' title='bbox 2003 4941 2115 5008; x_wconf 91' lang='lat' dir='ltr'>aquae</span> <span class='ocrx_word' id='word_1_529' title='bbox 2143 4931 2180 4987; x_wconf 85' lang='lat' dir='ltr'>et</span> <span class='ocrx_word' id='word_1_530' title='bbox 2199 4918 2292 5002; x_wconf 84' lang='lat' dir='ltr'>salis,</span> 
     </span>
     <span class='ocr_line' id='line_1_92' title="bbox 1301 5015 2289 5110; baseline 0.008 -26"><span class='ocrx_word' id='word_1_531' title='bbox 1301 5029 1342 5085; x_wconf 91' lang='lat' dir='ltr'>ut</span> <span class='ocrx_word' id='word_1_532' title='bbox 1362 5017 1447 5087; x_wconf 84' lang='lat' dir='ltr'>eius.</span> <span class='ocrx_word' id='word_1_533' title='bbox 1458 5017 1510 5085; x_wconf 88' lang='lat' dir='ltr'>rei</span> <span class='ocrx_word' id='word_1_534' title='bbox 1531 5017 1735 5086; x_wconf 90' lang='lat' dir='ltr'>constitutio</span> <span class='ocrx_word' id='word_1_535' title='bbox 1758 5018 1884 5087; x_wconf 87' lang='lat' dir='ltr'>reiecta</span> <span class='ocrx_word' id='word_1_536' title='bbox 1903 5020 1949 5088; x_wconf 90' lang='lat' dir='ltr'>sit</span> <span class='ocrx_word' id='word_1_537' title='bbox 1966 5020 2010 5087; x_wconf 91' lang='lat' dir='ltr'>ad</span> <span class='ocrx_word' id='word_1_538' title='bbox 2029 5015 2289 5110; x_wconf 84' lang='lat' dir='ltr'>lmperatorem.</span> 
     </span>
     <span class='ocr_line' id='line_1_93' title="bbox 1301 5113 2288 5214; baseline 0.004 -28"><span class='ocrx_word' id='word_1_539' title='bbox 1301 5113 1379 5206; x_wconf 87' lang='lat' dir='ltr'>Ego</span> <span class='ocrx_word' id='word_1_540' title='bbox 1395 5144 1413 5187; x_wconf 90' lang='lat' dir='ltr'>a</span> <span class='ocrx_word' id='word_1_541' title='bbox 1431 5132 1501 5186; x_wconf 89' lang='lat' dir='ltr'>tam</span> <span class='ocrx_word' id='word_1_542' title='bbox 1516 5117 1632 5188; x_wconf 89' lang='lat' dir='ltr'>stultis</span> <span class='ocrx_word' id='word_1_543' title='bbox 1648 5131 1680 5186; x_wconf 88' lang='lat' dir='ltr'>et</span> <span class='ocrx_word' id='word_1_544' title='bbox 1695 5115 1904 5214; x_wconf 86' lang='lat' dir='ltr'>sutilibus&#39;)</span> <span class='ocrx_word' id='word_1_545' title='bbox 1918 5121 2210 5190; x_wconf 88' lang='lat' dir='ltr'>contentionibus</span> <span class='ocrx_word' id='word_1_546' title='bbox 2228 5123 2288 5192; x_wconf 86' lang='lat' dir='ltr'>ab·</span> 
     </span>
     <span class='ocr_line' id='line_1_94' title="bbox 1300 5219 2290 5307; baseline 0 -18"><span class='ocrx_word' id='word_1_547' title='bbox 1300 5243 1373 5289; x_wconf 87' lang='lat' dir='ltr'>esse</span> <span class='ocrx_word' id='word_1_548' title='bbox 1394 5245 1451 5288; x_wconf 91' lang='lat' dir='ltr'>me</span> <span class='ocrx_word' id='word_1_549' title='bbox 1477 5219 1580 5287; x_wconf 89' lang='lat' dir='ltr'>valde</span> <span class='ocrx_word' id='word_1_550' title='bbox 1602 5222 1755 5307; x_wconf 85' lang='lat' dir='ltr'>gaudeo,</span> <span class='ocrx_word' id='word_1_551' title='bbox 1786 5233 1821 5291; x_wconf 90' lang='lat' dir='ltr'>et</span> <span class='ocrx_word' id='word_1_552' title='bbox 1843 5219 1958 5290; x_wconf 88' lang='lat' dir='ltr'>Deum</span> <span class='ocrx_word' id='word_1_553' title='bbox 1984 5246 2067 5305; x_wconf 85' lang='lat' dir='ltr'>ore,</span> <span class='ocrx_word' id='word_1_554' title='bbox 2098 5247 2143 5291; x_wconf 95' lang='lat' dir='ltr'>ne</span> <span class='ocrx_word' id='word_1_555' title='bbox 2164 5225 2208 5292; x_wconf 86' lang='lat' dir='ltr'>ad</span> <span class='ocrx_word' id='word_1_556' title='bbox 2232 5247 2290 5292; x_wconf 85' lang='lat' dir='ltr'>eus</span> 
     </span>
     <span class='ocr_line' id='line_1_95' title="bbox 1300 5317 2288 5417; baseline -0.002 -25"><span class='ocrx_word' id='word_1_557' title='bbox 1300 5321 1428 5392; x_wconf 88' lang='lat' dir='ltr'>adduci</span> <span class='ocrx_word' id='word_1_558' title='bbox 1448 5343 1504 5390; x_wconf 87' lang='lat' dir='ltr'>me</span> <span class='ocrx_word' id='word_1_559' title='bbox 1521 5321 1624 5395; x_wconf 89' lang='lat' dir='ltr'>sinat.</span> <span class='ocrx_word' id='word_1_560' title='bbox 1685 5317 1727 5390; x_wconf 91' lang='lat' dir='ltr'>ln</span> <span class='ocrx_word' id='word_1_561' title='bbox 1749 5319 1928 5394; x_wconf 90' lang='lat' dir='ltr'>Ducatum</span> <span class='ocrx_word' id='word_1_562' title='bbox 1951 5319 2288 5417; x_wconf 81' lang='lat' dir='ltr'>Wt&#39;rtcbergensem</span> 
     </span>
    </p>
   </div>
   <div class='ocr_carea' id='block_1_35' title="bbox 1299 5493 1522 5504">
    <p class='ocr_par' dir='ltr' id='par_1_38' title="bbox 1299 5493 1522 5504">
     <span class='ocr_line' id='line_1_96' title="bbox 1299 5493 1522 5504; baseline -0.009 0"><span class='ocrx_word' id='word_1_563' title='bbox 1299 5493 1522 5504; x_wconf 63' lang='lat'>0—--—-·——-</span> 
     </span>
    </p>
   </div>
   <div class='ocr_carea' id='block_1_36' title="bbox 1334 5559 2207 5635">
    <p class='ocr_par' dir='ltr' id='par_1_39' title="bbox 1334 5559 2207 5635">
     <span class='ocr_line' id='line_1_97' title="bbox 1334 5559 2207 5635; baseline 0.007 -17"><span class='ocrx_word' id='word_1_564' title='bbox 1334 5565 1359 5633; x_wconf 80' lang='lat' dir='ltr'>t&gt;</span> <span class='ocrx_word' id='word_1_565' title='bbox 1379 5561 1425 5618; x_wconf 77' lang='lat' dir='ltr'>sic</span> <span class='ocrx_word' id='word_1_566' title='bbox 1436 5561 1472 5619; x_wconf 77' lang='grc' dir='ltr'>Α.</span> <span class='ocrx_word' id='word_1_567' title='bbox 1485 5562 1540 5630; x_wconf 77' lang='grc'>0.,</span> <span class='ocrx_word' id='word_1_568' title='bbox 1555 5559 1604 5618; x_wconf 79' lang='lat' dir='ltr'>sed</span> <span class='ocrx_word' id='word_1_569' title='bbox 1618 5561 1744 5621; x_wconf 79' lang='lat' dir='ltr'>Seubert.</span> <span class='ocrx_word' id='word_1_570' title='bbox 1754 5561 1856 5619; x_wconf 69' lang='lat' dir='ltr'>eutice</span> <span class='ocrx_word' id='word_1_571' title='bbox 1874 5583 1927 5635; x_wconf 73' lang='lat' dir='ltr'>ego</span> <span class='ocrx_word' id='word_1_572' title='bbox 1936 5585 1957 5621; x_wconf 79' lang='lat' dir='ltr'>a</span> <span class='ocrx_word' id='word_1_573' title='bbox 1970 5569 2075 5624; x_wconf 73' lang='lat' dir='ltr'>tatibus</span> <span class='ocrx_word' id='word_1_574' title='bbox 2086 5579 2207 5624; x_wconf 69' lang='lat' dir='ltr'>meent.</span> 
     </span>
    </p>
   </div>
   <div class='ocr_carea' id='block_1_37' title="bbox 0 0 2414 6258">
    <p class='ocr_par' dir='ltr' id='par_1_40' title="bbox 0 0 2414 6258">
     <span class='ocr_line' id='line_1_98' title="bbox 0 0 2414 6258; baseline 0 0"><span class='ocrx_word' id='word_1_575' title='bbox 0 0 2414 6258; x_wconf 95' lang='lat' dir='ltr'> </span> 
     </span>
    </p>
   </div>
  </div>
 </body>
</html>
