4744 6254
257 381 333 460 519
854 351 1299 436 EPISTOLARUM
1350 351 1458 430 ΗΒ.
1481 352 1528 432 Χ.
1580 353 1717 434 1547.
2225 350 2293 430 520

256 567 362 636 tator,
380 573 425 618 ne
439 567 602 639 praesens
617 537 735 612 schola
749 534 940 608 divellatur
952 531 1157 624 praesertim
1173 551 1254 599 cum
1304 527 1476 596 elementa
1500 528 1545 596 de
1565 527 1706 598 circulis
1730 527 1939 600 coelestibus
1961 527 2117 598 traderet
2141 525 2207 611 iis,
2240 528 2295 619 qui

257 657 296 724 iu
320 678 360 724 ea
384 663 475 720 recte
498 647 661 716 instituta
683 643 755 710 sint
771 634 814 734 ²³)
841 636 976 718 studia,
1009 646 1043 702 et
1066 631 1255 724 disciplina
1304 629 1376 697 iam
1390 625 1655 698 Grammaticen
1681 629 1897 700 didicissent.
1947 625 1993 699 Et
2014 623 2110 698 hunc
2134 629 2294 696 lectorem

254 751 402 826 honesta
419 753 482 836 sit,
501 762 536 818 et
550 750 710 816 doctores
727 742 798 811 sint
813 738 1014 808 concordes.
1304 729 1411 799 velim
1426 728 1573 802 Rectori
1592 753 1726 822 parere.
1776 728 1867 801 Nam
1892 703 2054 823 ἀναρχῖα
2069 725 2111 820 ³⁷)
2134 729 2219 798 mali
2242 753 2295 796 er-

357 853 445 924 Vidi
474 851 636 920 ordinem
655 841 699 941 ²⁴)
729 841 938 924 lectionum3
972 835 1058 906 novi
1081 831 1256 904 eruditio·
1304 844 1456 900 tremum
1472 825 1513 926 ³⁵)
1537 846 1598 906 est,
1662 827 1784 912 ΗΜ
1806 833 1893 902 οῃῐῃ
1914 838 2037 922 poe-,ae
2050 826 2098 927 n)
2122 831 2173 899 fin
2175 843 2295 899 xerunt

254 983 338 1028 nem
353 971 388 1026 et
399 951 603 1024 facundiam
619 969 753 1024 eorum,
779 929 1256 1038 †qni·suntpraecipui”·²⁵),
1304 929 1487 1001 Astraeam
1504 926 1567 1026 ⁴⁰),
1599 933 1737 1023 pulsam
1768 933 1975 1022 ex'magnis
1998 933 2171 1015 urbibus,
2204 932 2242 998 in
2256 925 2296 1018 n)

256 1073 291 1130 et
306 1059 424 1130 iudico
441 1077 562 1122 eorum
579 1047 790 1118 industriam
803 1041 978 1112 iuventuti
993 1039 1157 1130 prodesse
1173 1059 1255 1126 pos-
1304 1056 1386 1104 rure
1407 1032 1616 1125 aliquandiu
1636 1035 1820 1103 mansisse:
1854 1035 1903 1104 ita
1924 1057 2022 1103 nuuc
2042 1034 2167 1105 literae
2183 1033 2298 1122 pulsae

256 1185 304 1230 se.
356 1159 427 1230 Sed
453 1151 538 1224 haec
564 1151 769 1222 turbulenta
789 1159 882 1216 aetas
898 1156 939 1212 nt
953 1142 1021 1210 alia
1035 1140 1145 1210 multa
1162 1138 1253 1206 mala
1304 1157 1345 1202 ex
1365 1134 1564 1226 principum
1583 1134 1798 1221 ditionibus,
1822 1135 1861 1203 in
1876 1136 2006 1227 quibus
2021 1136 2186 1205 delentur
2201 1133 2298 1200 bellis

256 1263 307 1332 ita
330 1261 436 1330 etiam
450 1256 591 1346 ingenia
611 1250 768 1344 inquieta
785 1271 860 1316 uon
878 1268 986 1334 pauca
1002 1241 1134 1332 genuit.
1186 1235 1254 1308 Fa·
1303 1249 1513 1305 ornamenta
1527 1236 1646 1304 civilia
1657 1231 1711 1330 ⁴²),
1737 1261 1859 1306 rursus
1872 1238 1911 1304 in
1926 1235 2128 1306 civitatibus
2142 1231 2297 1302 honestis

257 1365 325 1434 cile
341 1362 449 1451 igitur
466 1359 592 1441 credo,
617 1353 722 1424 bonis
738 1351 823 1418 viris
838 1341 942 1418 isthic
963 1339 1173 1426 †fideliter”
1188 1342 1255 1408 do-
1303 1331 1458 1427 hospitia
1467 1330 1509 1431 ⁴⁸)
1524 1353 1709 1428 quaerunt,
1723 1361 1762 1405 ac
1777 1361 1899 1407 omnes
1912 1332 2172 1429 prudentes⁴*)‚
2182 1358 2297 1426 quan-

257 1467 417 1536 centibus
435 1484 509 1528 non
525 1459 641 1528 deesse
658 1457 919 1524 obtrectatores.
971 1440 1025 1514 Ac
1041 1442 1254 1512 nominatim
1303 1450 1380 1506 tum
1400 1434 1442 1532 ⁴⁵)
1466 1451 1631 1528 possunt,
1663 1442 1762 1508 decet
1784 1438 1951 1508 omnihus
1969 1439 2103 1508 viribus
2121 1437 2296 1506 lim-3331,

186 1606 194 1618 ·
256 1565 364 1636 audio
393 1555 649 1652 †reprehendi
672 1545 885 1642 Lossii”²⁶)
912 1547 1152 1628 sedulitatem,
1192 1539 1254 1636 qui
1304 1535 1452 1607 interitu
1475 1539 1673 1626 vindicare,
1709 1535 1853 1636 quia⁴⁶)
1877 1539 2039 1609 extinctis
2061 1538 2175 1608 literis
2200 1537 2297 1604 etiam

256 1678 446 1738 erotemata
462 1662 583 1731 edidit.
637 1657 713 1747 lpse
731 1666 847 1724 autem
863 1674 930 1720 usu
946 1647 1121 1738 comperi,
1147 1647 1255 1736 prod·
1305 1639 1466 1709 doctrina
1484 1638 1643 1710 coelestis
1658 1633 1840 1727 amittitur,
1855 1665 1944 1734 quae
1958 1655 1998 1710 ut
2010 1653 2182 1718 servetur,
2202 1661 2297 1728 prae-

257 1793 329 1838 esse
353 1766 569 1836 discentibus
592 1761 673 1830 talia
692 1752 1010 1842 interrogationum
1029 1747 1186 1838 exempla
1201 1740 1256 1840 ²⁷).
1305 1742 1409 1832 cipua
1430 1765 1512 1810 cura
1527 1742 1688 1810 omnium
1705 1737 1893 1811 hominum
1908 1765 1980 1810 esse
1996 1741 2110 1812 debet.
2161 1737 2297 1807 Postre-

256 1865 329 1940 Nec
354 1869 478 1936 dubito
503 1863 697 1956 peritorum
721 1855 852 1926 iudicia
874 1849 939 1922 hac
964 1853 1007 1920 de
1029 1873 1161 1918 recum
1178 1871 1254 1916 mea
1304 1865 1364 1910 mo
1390 1853 1423 1910 te
1446 1864 1529 1926 oro,
1561 1839 1659 1938 ut⁴³)
1683 1837 1773 1911 hanc
1795 1841 2298 1935 epistolamsummocandore

257 1971 426 2063 opinione
444 1963 491 2062 28)
514 1985 717 2054 congruere.
775 1955 859 2025 Ideo
882 1953 985 2022 initio
1009 1949 1158 2042 probavi
1180 1947 1255 2016 edi·
1304 1942 1418 2010 animi
1440 1945 1605 2032 scriptam
1621 1938 1959 2033 bonieonsulas⁸⁸).
2007 1941 2218 2029 Benevola,
2242 1963 2298 2008 an.

256 2075 391 2144 tionem
411 2069 627 2138 libellorum.
678 2059 799 2130 Audio
824 2069 858 2125 et
878 2056 962 2124 alias
978 2051 1143 2133 fabellas,
1168 2073 1256 2140 quas
1305 2067 1354 2112 no
1372 2039 1414 2129 ⁴⁰)
1442 2042 1552 2118 1547.
1573 2046 1631 2114 die
1647 2041 1691 2142 60)
1710 2043 1772 2120 27.
1789 2040 1944 2136 Aprilis,
1971 2069 2043 2138 quo
2060 2037 2165 2110 Noba
2190 2065 2299 2128 egres-

258 2199 339 2244 cum
363 2197 418 2240 res
439 2171 514 2262 ipsa
533 2167 680 2248 refutet,
706 2185 781 2230 non
799 2171 850 2228 est
866 2179 957 2247 opus
975 2156 1080 2242 longa
1096 2151 1256 2221 oratione
1306 2140 1423 2234 sus⁸¹)
1452 2169 1493 2213 er
1520 2169 1601 2216 arca
1631 2161 1712 2216 ante
1740 2169 1852 2216 annos
1871 2145 1972 2220 5850
1997 2133 2089 2214 vidit
2109 2139 2299 2212 Ecclesiam

258 2275 353 2365 apud
373 2274 490 2341 virum
505 2291 656 2360 gravem.
707 2259 756 2332 Et
771 2255 909 2330 scholae
922 2257 1174 2346 guberuamres
1188 2248 1257 2342 ipsi
1305 2246 1470 2315 mirando
1491 2251 1599 2317 modo
1619 2261 1792 2317 servatam
1810 2271 1899 2332 esse3
1926 2271 2031 2340 quam
2046 2259 2087 2314 ut
2102 2269 2201 2313 nunc
2218 2269 2300 2335 qno.

258 2375 463 2467 praedicant
483 2386 581 2442 tuam
604 2389 684 2456 erga
706 2387 741 2434 se
759 2358 1062 2436 benevolentiam,
1088 2377 1194 2446 seque
1212 2347 1256 2442 29)
1306 2371 1376 2440 que
1388 2361 1501 2416 servet
1517 2345 1613 2418 Deus
1629 2350 1667 2416 in
1682 2349 1818 2437 magnis
1833 2349 1998 2440 periculis
2015 2341 2301 2426 fluctuantcnr⁵²)‚
2359 2395 2360 2400 ,

259 2471 498 2566 )ρνῑιει·ἰριιε”
513 2486 571 2540 tna
588 2466 793 2538 auctoritate
809 2460 953 2530 defendi
968 2467 1125 2528 narrant.
1148 2453 1256 2542 Quod
1306 2449 1512 2518 ardentibus
1533 2451 1625 2520 votis
1646 2473 1805 2534 oremus,
1841 2461 1875 2518 et
1892 2449 1982 2518 sicut
2000 2449 2061 2515 illc
2081 2470 2189 2514 senex
2218 2470 2300 2513 trau-

260 2602 341 2648 cum
364 2591 425 2647 tuo
449 2573 581 2644 iudicio
602 2571 679 2652 liat,
704 2562 797 2652 nihil
819 2585 908 2654 opus
928 2572 979 2630 est
999 2582 1075 2626 mea
1094 2549 1275 2626 cohorta-'
1308 2549 1422 2619 clerus
1443 2573 1526 2619 suae
1547 2553 1700 2620 familiae
1717 2539 1916 2619 deletrinam
1933 2545 1974 2642 ⁵³)
1999 2548 2133 2637 optima
2151 2547 2220 2613 fide
2235 2559 2301 2615 tra-

260 2679 370 2750 tione.
420 2675 489 2746 Sed
515 2687 629 2742 tamen
652 2671 696 2738 ad
719 2682 751 2737 te
770 2664 914 2753 scripsi,
939 2674 979 2731 ut
995 2654 1086 2728 mihi
1101 2653 1143 2750 ³⁰)
1167 2682 1258 2748 quo·
1308 2651 1420 2735 didit,
1460 2651 1509 2720 ita
1536 2677 1602 2721 nos
1627 2675 1768 2746 quoque
1795 2651 1913 2719 literas
1940 2663 1973 2718 et
1999 2645 2236 2736 Evangelium
2263 2649 2301 2714 ad

261 2805 330 2874 que
356 2778 499 2869 probari
522 2773 664 2862 ingenia
686 2783 719 2839 et
742 2765 978 2837 eruditionem
1000 2761 1164 2842 illorum,
1196 2755 1258 2849 qui
1307 2753 1546 2844 posteritatem
1563 2754 1852 2826 transmittamus.
1904 2749 2035 2823 lterum
2055 2749 2145 2822 vale.
2283 2779 2286 2789 ·

262 2876 358 2950 nrrnc
380 2879 597 2948 iuventutem
623 2872 792 2942 erudiunt
813 2868 851 2934 in
866 2866 955 2934 urbe
973 2875 1085 2930 vestra
1102 2855 1161 2950 ³¹),
1191 2859 1259 2927 sci-

262 3008 337 3066 res,
361 2997 465 3072 teque
481 3003 563 3061 oro,
589 2969 679 3046 ut'et
697 2974 791 3062 ipsos
807 2982 841 3038 et
857 2961 997 3036 scholae
1015 2959 1259 3031 auctoritatem

262 3099 297 3156 et
320 3081 545 3154 concordiam
568 3077 661 3147 tueri
685 3096 760 3142 non
783 3069 935 3138 desinas.
986 3063 1126 3134 Scimus
1150 3082 1260 3150 genus
2137 3056 2144 3072 ’

261 3183 458 3256 humanum
484 3179 670 3272 praecipue
694 3171 876 3244 conditum
895 3189 968 3237 esse
985 3165 1030 3234 ad
1044 3163 1259 3252 agnitionem
1309 3119 1505 3246 Q·
2127 3117 2301 3238 Q

163 3265 167 3276 ι
261 3285 351 3370 Dei,
384 3309 458 3354 nou
482 3267 921 3370 solum-philosophicam,
948 3268 1008 3337 secl
1029 3265 1135 3337 etiam
1151 3259 1196 3359 ³²)
1215 3263 1259 3332 ad

262 3390 360 3459 illam
379 3409 517 3468 veram,
549 3381 607 3450 cui
623 3379 800 3473 praelucet
814 3369 995 3448 doctrina,
1021 3366 1060 3437 in
1079 3390 1147 3459 qua
1162 3361 1259 3434 Deus

263 3489 432 3581 prodiens
454 3511 495 3556 ex
518 3504 643 3552 arcana
666 3473 692 3560 †
709 3473 789 3546 sua’'
810 3476 890 3542 sede
914 3473 959 3540 ad
980 3465 1143 3540 homines
1157 3461 1200 3561 ³²)
1224 3489 1260 3534 se
1378 3481 1456 3534 Edita
1470 3500 1485 3533 a
1498 3477 1606 3532 Perelio
1619 3476 1647 3529 tn
1661 3473 1729 3530 tter.
1744 3475 1848 3531 count.
1863 3475 1907 3535 tn.
1924 3475 1958 3530 T.
1972 3474 1992 3528 Ι.
2004 3473 2096 3598 ptos
2109 3493 2218 3548 sqq...
2241 3474 2298 3526 Pan

262 3590 437 3682 patefecit.
488 3583 574 3654 Ideo
598 3582 779 3651 literarum
794 3571 838 3668 ³⁸)
863 3571 1017 3664 cognitio
1040 3593 1124 3662 prae
1141 3566 1260 3639 omni·
1412 3549 1492 3670 {alm
1505 3547 1598 3629 scripit
1615 3543 1802 3628 descriptam
1821 3546 1850 3598 ³¹¹
1869 3543 1932 3600 ⁰⁰⁶·
1947 3533 2001 3598 (3⁶¹
2023 3543 2107 3598 .189.
2128 3562 2155 3615 Ρ·
2170 3545 2214 3625 ¹⁷:
2251 3543 2299 3622 ¹³²5

1254 3667 1261 3689 ,
1457 3635 1497 3670 sus
1513 3615 1605 3668 retulit
1620 3614 1672 3669 boc
1685 3623 1816 3735 cereptum
1830 3613 1863 3666 acl
1877 3632 1940 3668 sun.
1957 3613 2049 3677 1548..
2068 3611 2116 3666 sed
2135 3632 2192 3665 nou
2204 3611 2301 3664 sutelli-

263 3691 331 3762 bus
352 3691 456 3759 rebus
480 3681 637 3756 humano
660 3679 779 3770 generi
796 3673 837 3771 ³⁵)
858 3672 953 3757 †est
971 3671 1183 3754 necessaria,
1209 3666 1251 3738 et'
1416 3684 1491 3806 gitur
1503 3701 1559 3756 qno
1573 3684 1643 3737 ture.
1679 3681 1741 3736 Ntti
1767 3681 1839 3735 enim
1855 3689 1958 3736 connn
1972 3681 2120 3734 deobmn
2135 3681 2227 3750 aliqua
2242 3681 2301 3732 urse

264 3793 493 3884 praecipuum
510 3801 560 3856 est
576 3793 824 3856 Ornamentum
842 3769 1097 3873 †civitatum”.
1141 3769 1260 3859 Qum
1444 3751 1579 3834 ermenias
1594 3751 1642 3806 illo
1656 3762 1787 3823 tempore.
1814 3750 1881 3804 Nasu
1895 3748 1999 3804 bellum
2014 3747 2215 3829 Caesaris-cum
2230 3747 2301 3802 Duce

1418 3823 1520 3875 Clsuse
1544 3823 1689 3893 gerebatur
1709 3829 1819 3872 exeunte
1839 3837 1931 3872 mense
1950 3817 2073 3887 Augusto
2090 3825 2118 3870 et
2138 3827 2253 3870 sneuute
2270 3835 2301 3870 m.

263 3894 495 3966 lUSllSSlfflUm
513 3901 581 3967 esi,
607 3873 813 3975 4ὶάῑῖῙὶῑθῖκ)
832 3878 1065 3956 defendleffls
1092 3872 1260 3967 quirem
1414 3890 1498 3960 Sept..
1521 3886 1901 4013 postqlusmMelsntboniam
1917 3904 2008 3940 mense
2025 3885 2093 3940 lulio
2108 3883 2302 3938 redierstWi·

264 3999 405 4067 docent.
464 3987 651 4062 Caeterum
675 3984 754 4053 curis
775 3976 845 4050 hoc
867 3995 1023 4072 ternpore
1049 3971 1260 4046 Academiae
1413 3961 1562 4032 tebergam.
1610 3976 1656 4012 ¹¹¹⁰
1674 3965 1714 4010 θ’)
1731 3954 1893 4028 ’999509ῑο
1915 3953 2160 4026 scriptamoritus
2179 3953 2302 4009 secerdo-

264 4098 305 4166 iu
333 4093 390 4165 bis
418 4091 623 4184 regionibus
647 4085 836 4176 dissipatae
857 4082 947 4166 sint,
985 4072 1077 4148 mibi
1097 4076 1261 4168 placeret,

264 4212 399 4268 vestrae
419 4189 560 4267 scholae
574 4188 660 4262 addi
676 4187 842 4258 lectorem
851 4239 867 4280 ,Ι
890 4182 954 4277 qui
967 4175 1213 4254 arithmeticen
1227 4185 1262 4244 et

264 4327 321 4336 ,-...
337 4327 367 4331 -..
392 4317 489 4329 ..d-n

297 4376 343 4444 25)
361 4373 450 4431 bisul.
466 4369 610 4425 mendose:
627 4375 704 4421 suut.

297 4463 344 4526 24)
364 4458 433 4514 Vns
446 4457 575 4510 ordinem
593 4461 620 4506 et
640 4467 709 4518 quae
728 4455 880 4528 sequuntur
901 4439 994 4496 omnis
1014 4455 1100 4512 usque
1115 4436 1149 4494 sd
1163 4437 1259 4494 verbs:
1415 4493 1421 4506 ¹

332 4530 402 4582 olim
411 4533 512 4594 poetas
519 4523 691 4594 finxerunt,
708 4521 889 4588 prseterunnt
904 4511 968 4565 Per.
1344 4491 1392 4557 tl)
1409 4499 1451 4559 m]
1470 4489 1557 4545 Msnl.
1569 4507 1625 4542 nou
1638 4485 1727 4543 babet.

296 4615 342 4682 25)
361 4613 485 4682 quisunt
495 4611 552 4673 pn]
566 4603 655 4660 Msul.
670 4597 859 4672 praetermisit.
1345 4577 1390 4649 42)
1411 4579 1511 4642 civilia]
1528 4573 1616 4630 Msnl.
1629 4577 1729 4629 meua.

297 4701 344 4768 26)
363 4696 431 4756 Cod.
447 4693 535 4748 Goth.
545 4691 606 4746 401.
623 4689 723 4758 Leyss‘r'.
1345 4666 1391 4734 48)
1411 4665 1473 4720 Pes.
1485 4663 1650 4728 hospitalem
1668 4658 1755 4714 Mani.
1768 4658 1914 4724 hospitem.
1998 4717 2001 4728 δ

297 4786 343 4854 27)
362 4781 431 4839 Cod.
445 4779 528 4836 Goth.
541 4777 601 4832 tot.
615 4774 820 4840 experimenta.
1345 4752 1390 4820 44)
1406 4753 1572 4820 prudentes]
1591 4743 1680 4800 Manl.
1693 4751 1833 4812 pertentes.

297 4871 342 4940 28)
360 4862 649 4924 Manlmsoiudr'cs'o.
682 4906 684 4917 ‚
1251 4865 1254 4872 ⁴
1346 4839 1392 4906 45)
1412 4836 1479 4892 Cod.
1498 4833 1583 4890 Goth.
1595 4829 1655 4888 401.
1672 4839 1788 4904 quaesto.

296 4957 344 5024 29)
362 4953 451 5010 stant.
464 4967 535 5005 sese.
1345 4922 1392 4987 46)
1409 4921 1487 4989 quia]
1508 4919 1569 4974 Pes.
1587 4931 1666 4970 nam.

295 5045 342 5113 20)
361 5041 442 5106 melu]
462 5033 551 5091 Msol.
565 5043 675 5087 nostra.
1345 5009 1390 5078 47)
1407 5004 1556 5059 Postremo
1569 5035 1605 5048 --
1616 5001 1660 5068 ut]
1680 4997 1742 5052 l’es.
1759 4997 1839 5050 Bene
1853 4997 1917 5048 vale
1931 5001 1967 5046 et.

296 5130 343 5192 st)
362 5123 470 5190 vestra]
489 5117 577 5174 Msul.
590 5123 701 5170 nostra.
1345 5093 1392 5157 48)
1410 5091 1473 5146 Pes.
1485 5090 1607 5142 consuls.
1718 5139 1726 5150 ,

295 5211 342 5280 92)
356 5204 455 5272 etiam]
469 5199 551 5256 codd.
566 5215 623 5251 non
638 5194 744 5248 babent.
1344 5179 1394 5250 49)
1413 5178 1493 5232 Bene
1505 5177 1583 5243 vale,
1603 5175 1694 5236 anno]
1713 5171 1778 5222 Pes.
1792 5163 1949 5221 nonhabet.

295 5295 398 5364 88)αό
413 5281 556 5351 homines]
575 5279 663 5336 Mani.
677 5277 849 5332 hominibus.
1344 5265 1388 5330 50)
1408 5263 1469 5322 die]
1484 5257 1548 5313 Pes.
1562 5251 1753 5327 praetermisit.

293 5381 340 5450 84)
356 5373 521 5434 literarum]
540 5365 629 5425 Manl.
643 5369 750 5419 horum
762 5378 871 5417 rerum.
1344 5349 1390 5414 st)
1410 5345 1496 5400 bisul.
1511 5340 1585 5396 addit
1598 5343 1649 5394 est.

258 5525 265 5546 .
293 5465 341 5536 85)
357 5461 447 5519 Mani.
461 5455 583 5512 hnmani
594 5450 715 5518 generis.
1343 5429 1389 5494 52)
1409 5424 1640 5496 Manlfluctunm
1652 5429 1680 5473 et
1691 5436 1754 5472 nos.

293 5547 342 5617 25)
359 5536 450 5600 Msul.
462 5535 632 5606 stfidelt'ter.
1172 5580 1179 5596 ⁵
1344 5511 1388 5584 58)
1405 5511 1579 5572 doctrinam]
1591 5502 1688 5602 excidit
1701 5499 1771 5574 spud
1785 5495 1874 5556 Manl.

1357 3307 1361 3314 ⁵
1386 3300 1662 3428 Supplicatio
1680 3313 1742 3398 ad
1762 3312 1966 3400 Corolum
1985 3309 2231 3402 Caesarem.

1314 4087 1518 4105 m

1344 4156 1392 4226 aa)
1407 4117 1496 4210 usn}
1508 4156 1622 4210 naar..

1344 4239 1391 4309 88)
1410 4239 1498 4294 Manl.
1513 4241 1584 4292 neoti
1596 4237 1721 4302 exempli
1723 4255 1733 4298 ,-
1751 4231 1813 4289 cod.
1825 4231 1908 4303 Lang.
1923 4229 1982 4285 899.
1997 4231 2075 4284 mato
2088 4235 2234 4299 eoesmplo.

1344 4325 1390 4392 89)
1409 4323 1522 4378 Verbiss
1546 4321 1622 4376 onm
1637 4320 1750 4388 Poetae,
1771 4316 1867 4391 incipit
1879 4314 1980 4370 iterum
1993 4323 2078 4370 textus
2091 4315 2164 4387 spud
2179 4317 2244 4372 Pes.

1344 4409 1391 4476 40)
1409 4408 1495 4462 Mani.
1510 4407 1657 4465 slsstits'om.
