4754 6260
79 365 153 440 aas
276 335 290 351 '
668 357 1114 438 ums‘ronasuss
1169 355 1352 442 nasia,
1403 361 1540 440 ress.»
2064 369 2138 442 ιιο

79 550 114 608 et
128 541 282 626 propter
295 535 416 606 filium.
429 533 553 616 tuum,
577 531 775 608 Domintrm
790 549 952 606 nostrum
966 530 1085 610 lesum
1138 531 1291 606 Volebat
1311 523 1407 605 enim
1427 529 1606 606 liutherus
1629 559 1704 608 non
1719 537 1877 609 detinere
1902 537 1940 608 in
1958 539 2030 610 suis
2045 538 2134 610 scri-

79 635 289 721 Christum‚
322 638 529 710 crucifixum
554 661 623 729 pro
640 638 746 708 nobis
770 651 804 708 ot
828 636 1087 722 resuscitatum,
1136 637 1228 728 ptis,
1261 637 1322 706 sed
1356 637 1401 706 ad
1435 637 1550 708 tontes
1583 640 1758 710 deducere
1794 641 1955 714 omnium
1988 654 2135 716 mentes.

79 736 241 834 μεσίτην
258 734 323 811 καὶ
340 735 483 832 ἱκέτην,
510 752 633 809 nostra
649 731 791 830 pectora
808 738 948 831 Spiritu
964 750 1085 808 sancto
1139 736 1261 830 ipsam·
1272 761 1394 808 vocem
1411 733 1483 810 Dei
1495 739 1618 812 audire
1634 762 1700 811 nos
1716 743 1849 828 voluit,
1877 737 1942 814 hae
1957 743 2072 814 voluit
2094 742 2133 812 in

79 865 202 932 regas,
227 856 269 912 ut
284 856 317 912 te
330 865 412 912 vere
428 844 652 922 invocemus,
675 855 710 912 et
724 842 840 912 officia
855 841 923 912 tibi
938 840 1087 936 placen·
1135 839 1259 910 multis
1278 840 1425 912 accendi
1445 865 1565 912 veram
1585 841 1692 914 iidem
1716 855 1750 914 et
1771 845 2056 930 invocationem,
2091 855 2133 916 ut

79 945 127 1016 tia
154 955 387 1034 praestemus.
438 939 536 1032 Rege
558 941 663 1012 etiam
685 943 802 1014 studia
824 942 1027 1026 doctrinae,
1052 955 1085 1014 et
1135 939 1234 1011 Deus
1257 965 1341 1012 vere
1366 931 1623 1030 celebraretur,
1649 957 1684 1014 et
1705 946 1811 1016 multi
1826 947 1949 1018 tierent
1964 941 2134 1016 haeredes

79 1048 244 1138 guberna
266 1069 307 1114 ac
330 1066 430 1116 serva
457 1039 520 1113 has
549 1043 693 1133 politius
721 1059 901 1118 eteorum
925 1043 1086 1133 discipli·
1136 1043 1230 1116 vitae
1256 1057 1429 1120 aeternae.
1488 1042 1592 1116 Hanc
1614 1047 1838 1118 voluntatem
1869 1062 1905 1121 et
1926 1041 1992 1117 hos
2017 1059 2134 1118 tantos

80 1173 187 1228 nam,
214 1169 305 1240 quae
327 1158 413 1216 ¹snm
429 1140 588 1236 hospicia
605 1158 686 1216 tuae
703 1143 883 1218 Ecclesiae
898 1158 933 1217 et
947 1145 1086 1216 studio-
1135 1144 1274 1214 labores
1297 1158 1333 1222 et
1353 1159 1449 1234 grata
1465 1160 1584 1219 mente
1598 1149 1800 1239 praedicare
1815 1151 1930 1235 decet,
1956 1162 1990 1219 et
2015 1172 2132 1218 exem-

79 1274 175 1322 rum.
235 1245 327 1320 Cum
348 1248 429 1318 ideo
447 1242 497 1339 ²⁷)
520 1269 631 1336 genus
654 1242 852 1324 humanum
868 1246 1085 1332 condideris,
1134 1247 1187 1338 pli
1204 1269 1307 1318 causa
1331 1249 1552 1335 meminisse,
1575 1262 1616 1320 ut
1634 1273 1699 1320 nos
1714 1275 1855 1346 quoquc
1870 1273 1935 1346 pro
1951 1273 2015 1320 suo
2033 1251 2133 1343 quis-

79 1367 117 1424 ιιι
141 1353 189 1422 ab
206 1345 414 1421 hominibus
429 1350 629 1439 agnoscaris
645 1363 680 1420 et
694 1351 893 1435 invocetis,
916 1371 1025 1443 quare
1051 1362 1086 1420 et
1135 1373 1204 1442 que
1222 1349 1328 1418 modo
1344 1372 1472 1420 ornare
1483 1347 1677 1421 Ecclesiam
1697 1355 1847 1427 studeat.
1897 1351 1988 1424 Nam
2004 1353 2049 1422 ad
2066 1346 2133 1422 hos

80 1453 286 1524 illustribus
301 1452 514 1523 testimoniis
533 1464 568 1522 te
582 1450 793 1542 patefecisti,
818 1476 893 1522 nun
909 1452 1004 1520 sinas
1021 1452 1085 1522 de-
1135 1452 1225 1520 duos
1247 1450 1335 1519 fines
1357 1451 1545 1544 praecipue
1568 1466 1641 1523 tota
1657 1455 1744 1538 vita,
1768 1468 1801 1525 et
1816 1455 1935 1524 omnia
1951 1454 2044 1525 vitae
2056 1467 2133 1524 stu-

79 1557 146 1628 leri
170 1550 259 1624 haec
281 1554 440 1643 agmina,
475 1555 514 1622 in
537 1553 670 1646 quibus
690 1553 853 1624 doctrina
881 1567 943 1624 tua
970 1565 1084 1626 sonat.
1134 1552 1194 1621 dia
1216 1567 1253 1623 et
1273 1551 1420 1622 consilia
1446 1553 1629 1624 referenda
1662 1571 1762 1641 stant,
1796 1556 1970 1647 primum,
2002 1568 2044 1627 ut
2062 1553 2132 1626 Dei

78 1657 248 1750 Cumque
268 1656 459 1726 liliustuus
476 1653 654 1726 Dumium
670 1669 794 1726 noster
810 1653 907 1728 lesus
922 1647 1086 1724 Christus
1134 1653 1282 1743 gloriam
1308 1653 1544 1735 illustremus,
1585 1655 1733 1740 deiude,
1766 1671 1808 1728 ut
1836 1654 2016 1728 Ecclesiae
2046 1681 2132 1749 pro-

79 1763 404 1846 sditurusagonem
419 1780 525 1826 suum
542 1769 705 1848 precatus
720 1756 767 1828 sit
784 1781 849 1848 pro
868 1756 988 1828 nobis:
1014 1753 1085 1828 Pa·
1133 1755 1254 1825 simus.
1313 1753 1367 1824 De
1388 1779 1542 1848 quorum
1564 1757 1676 1831 altero
1700 1758 1787 1836 dicit
1809 1758 1961 1840 Paulus,
1994 1757 2131 1828 Omnia

79 1877 144 1948 ter,
164 1860 422 1930 sanctificares
445 1858 659 1943 inveritate,
686 1874 899 1931 sermotuus
920 1857 1083 1931 estveri·
1133 1859 1177 1925 ad
1197 1855 1346 1947 gloriam
1364 1854 1432 1925 Dei
1448 1857 1563 1932 facite.
1597 1855 1653 1932 De
1670 1860 1779 1930 altero
1796 1858 1957 1932 Psalmus
1971 1856 2132 1945 CXXII„

79 1981 151 2044 tas,
178 1965 225 2031 ad
243 1957 350 2031 huius
365 1960 479 2032 nostri
489 1957 690 2032 Sacerdotis
703 1962 943 2053 precationem
960 1969 1081 2030 nostra
1131 1955 1269 2048 Rogate
1284 1981 1374 2050 quae
1394 1960 1439 2028 ad
1463 1983 1586 2051 pacem
1606 1975 1690 2031 sunt
1706 1957 1909 2038 Ierusalem.
1959 1957 2008 2032 Et
2027 1961 2131 2030 addi-

80 2081 163 2136 sotn
187 2063 434 2152 adiungimus,
466 2076 502 2134 et
529 2062 684 2153 petimus
710 2085 887 2134 unacum
911 2063 1009 2156 ipso,
1044 2072 1084 2134 ut
1134 2072 1195 2129 tur
1225 2057 1428 2130 dulcissima
1463 2060 1650 2152 promissio
1683 2061 1869 2134 incudem
1892 2085 2015 2148 versu,
2046 2057 2131 2148 Eos,

81 2185 142 2241 tua
166 2166 332 2237 doctrina
353 2186 491 2255 semper
507 2164 623 2236 luccat
647 2163 685 2234 in
701 2186 829 2255 genere
843 2160 1001 2236 humano
1008 2211 1020 2244 ‚
1047 2174 1084 2233 et
1134 2161 1198 2254 qui
1232 2160 1388 2249 diligunt
1418 2157 1631 2248 Ecclesiam,
1673 2164 1793 2234 felices
1823 2178 1858 2234 et
1888 2165 2010 2234 beatos
2041 2164 2130 2238 lore.

84 2293 149 2338 nos
167 2263 356 2357 gubernet.
1131 2260 1228 2332 Haec
1250 2261 1412 2332 coelestia
1433 2267 1600 2334 mandata
1623 2275 1658 2334 et
1677 2259 1744 2335 hae
1767 2265 2020 2359 promissiones
2034 2263 2131 2333 invi-

182 2367 282 2438 Haec
299 2367 459 2462 quotidie
475 2379 675 2460 precantem
691 2380 726 2438 et
740 2362 940 2438 Lutherum
959 2363 1082 2434 audie-
1132 2373 1207 2435 tent
1222 2387 1366 2449 omnes,
1392 2377 1432 2434 ut
1448 2362 1626 2436 Ecclesiae
1642 2367 1843 2438 doctrinam
1867 2379 1960 2440 recte
1981 2367 2131 2446 discant,

82 2473 228 2556 barum,
255 2483 290 2540 et
310 2471 404 2541 inter
427 2463 513 2540 haec
537 2483 618 2540 vota
642 2468 760 2538 anima
781 2467 857 2538 eius
880 2492 921 2538 ex
939 2465 1083 2536 mortali
1131 2478 1252 2534 ament
1270 2465 1453 2535 ministros
1474 2463 1681 2558 Evangelii,
1708 2481 1741 2540 et
1765 2470 1935 2541 salutares
1959 2469 2132 2552 doctores',

83 2597 232 2667 corpore
254 2572 392 2664 placide
412 2584 554 2642 evocata
578 2583 648 2656 est,
679 2593 761 2640 cum
784 2569 856 2638 iam
878 2580 997 2660 ageret
1017 2589 1082 2638 an·
1132 2579 1166 2636 et
1181 2567 1365 2636 conferant
1381 2567 1537 2638 studium
1555 2583 1589 2641 et
1604 2593 1750 2664 operam
1772 2573 1817 2640 ad
1832 2594 1936 2641 verae
1949 2568 2131 2640 doctrinae

83 2701 169 2746 uum
184 2673 440 2763 sexagesimum
455 2672 611 2743 tertium.
1131 2668 1421 2760 propagationem
1445 2672 1546 2739 etad
1569 2693 1673 2740 verae
1697 2667 1876 2742 Ecclesiae
1904 2671 2132 2743 concordiam

182 2775 305 2846 Habet
322 2771 508 2867 posteritas
525 2773 637 2843 multa
653 2779 883 2841 monumenta
901 2769 1082 2840 etdoctri-
1131 2771 1308 2840 tuendam.
1361 2767 1460 2840 Bene
1490 2771 1569 2840 vale
1595 2769 1742 2858 Lector,
1774 2771 2031 2862 Witebergae,
2061 2769 2131 2842 Ca·

83 2903 147 2950 nae
164 2890 201 2950 et
218 2877 359 2968 pietatis
371 2877 494 2969 ipsius.
534 2870 661 2945 Edidit
676 2873 806 2968 scripta
823 2863 1081 2952 διδασκαλικοὶ,
1132 2869 1247 2942 lendis
1267 2868 1383 2958 lunii,

82 2983 118 3050 iu
143 2980 279 3074 quibus
301 2980 498 3048 doctrinam
526 2975 729 3068 complexus
755 2990 807 3045 est
830 2972 1020 3044 salutarem
1047 2984 1084 3043 et
1440 2967 1549 3043 Anno
1566 2969 1674 3048 M.D.
1694 2971 1826 3051 XLVI.

81 3081 318 3154 necessariam
333 3075 559 3164 homiuibus,
584 3075 804 3150 erudientem
819 3077 935 3150 bonas
947 3087 1083 3146 mentes

82 3187 124 3256 de
150 3182 394 3278 poenitentia,
422 3181 507 3260 fide,
540 3191 575 3250 et
600 3180 693 3250 veris
717 3178 891 3250 [tractibus
914 3177 1016 3262 fidei,
1039 3179 1083 3246 de

81 3311 146 3358 usu
163 3295 489 3367 sacramentorum,
511 3283 556 3352 de
572 3280 777 3352 discrimine
793 3277 898 3370 Legis
913 3292 948 3349 et
960 3275 1083 3351 Evan-

82 3387 186 3482 gelii,
208 3387 253 3455 de
269 3383 474 3456 discrimine
490 3379 679 3474 Evangelii
695 3369 729 3454 el
742 3374 1015 3471 Philosophiae,
1038 3379 1082 3450 de
1132 3374 1199 3448 No.
1215 3371 1329 3448 5479.
2010 3393 2046 3456 a.
2060 3382 2130 3449 lun.

83 3490 259 3581 dignitate
276 3485 415 3580 politici
437 3483 592 3569 ordinis,
623 3483 780 3580 denique
809 3483 854 3554 de
883 3482 1083 3574 praecipuis
1139 3471 1311 3502 ’Ν
1544 3561 1551 3578 .
1995 3482 2131 3522 *⁴¹*

82 3590 243 3664 articulis
266 3587 466 3672 doctrinae,
497 3611 604 3680 quam
635 3587 674 3655 in
697 3583 856 3656 Ecclesia
878 3595 995 3654 extare
1019 3607 1084 3654 ne-
1389 3553 1576 3670 GOOl‘glO
1604 3556 1864 3646 Anhaltl'no.

83 3705 257 3765 cesseest.
315 3687 456 3760 Deinde
483 3688 622 3759 addidit
640 3680 854 3784 e'lsyxttxd,
887 3684 1083 3780 inquibus
1201 3711 1993 3788 Ep;,1‚1;b,11,p,204‚(0332,1,0„g,1p„11‚,gppgq

84 3794 253 3866 refutavit
283 3791 415 3861 multos
446 3813 583 3859 errores
614 3787 830 3884 perniciosos
862 3781 1084 3860 homiuibus.

83 3893 211 3968 Edidit
238 3887 452 3989 ἒξηγητικὰ,
485 3890 613 3976 idest,
646 3887 887 3963 enarrationes
910 3889 1085 3979 plurimas
1272 3868 1326 3942 D·
1353 3865 1558 3966 G0⁰Vg¹⁹⁰
1584 3865 1757 3969 principi
1780 3871 1821 3943 ⁸⁸1¹
1847 3865 1994 3946 Auditi!

83 3999 119 4069 in
135 3991 353 4089 prophetica
368 4007 401 4064 el
415 3989 620 4083 Apostolica
637 3993 785 4085 scripta,
810 3989 939 4107 11110111
955 4012 1084 4079 8111111
1132 3984 1180 4074 S·
1205 4001 1251 4078 D.
1304 4003 1547 4074 illustrissime
1570 4003 1740 4096 Princeps
1761 4019 1795 4075 et
1819 4003 2130 4080 Reverendissime

84 4103 187 4172 etiam
206 4095 346 4167 inimici
359 4096 516 4166 fatentur
530 4118 610 4164 eum
628 4115 794 4187 superare
802 4113 964 4162 ommuni
981 4115 1085 4164 enar·
1133 4104 1305 4192 Domine,
1331 4105 1401 4176 Fui
1422 4107 1634 4199 aliquandiu
1648 4119 1839 4198 occupatus
1863 4109 2049 4182 scribenda
2073 4135 2130 4180 re·

83 4205 263 4283 rationes,
287 4221 376 4294 quae
399 4208 530 4270 11111111·
581 4193 823 4268 Η1111111111111
846 4215 1084 4312 111111118111,
1133 4208 1314 4278 cusatione
1346 4209 1473 4302 synodi
1494 4201 1805 4305 Tridentinac*),
1845 4210 1891 4280 de
1915 4235 1984 4306 qua
2011 4225 2130 4283 tamen

84 4327 208 4376 omnes
222 4301 305 4396 Pide
321 4313 455 4370 menies
476 4297 693 4390 intelligunt.
745 4295 815 4367 Sed
832 4295 990 4386 prOsGClO
1010 4308 1085 4366 ult-
1134 4333 1208 4378 non
1224 4311 1337 4382 multa
1354 4310 1427 4378 dixi
1436 4363 1447 4394 ‚
1472 4311 1532 4380 sed
1550 4331 1672 4382 causas
1686 4309 1831 4384 recitavi
1838 4364 1848 4397 5
1876 4337 1984 4407 quare
2006 4339 2130 4387 omne}

84 4407 182 4477 litate
215 4418 250 4475 et
276 4401 397 4474 labore
422 4413 549 4494 aequat
571 4393 657 4471 haec
682 4421 807 4490 opera,
835 4397 1082 4488 interpretatio
1133 4413 1285 4484 debeam
1309 4411 1475 4501 amplecti
1495 4405 1563 4484 hoc
1585 4413 1767 4484 doctrinae
1790 4435 1902 4504 genu,
1923 4417 2019 4508 quod
2044 4439 2130 4505 pm.

84 4509 213 4578 veteris
237 4517 271 4574 et
296 4503 380 4572 novi
397 4501 634 4586 Testamenti,
662 4501 700 4569 in
724 4523 793 4594 qua
817 4512 913 4569 tanta
935 4511 986 4570 est
1001 4522 1083 4591 per·
1133 4514 1284 4587 figemur,
1337 4513 1421 4584 ldeo
1441 4514 1805 4605 iusseramquendam
1832 4501 1950 4588 nisum
1974 4517 2130 4588 amicum

84 4611 273 4702 spicuitas,
304 4617 343 4676 ut
372 4605 448 4674 vice
478 4603 725 4674 commentarii
756 4625 830 4670 esse
862 4600 975 4693 possit
1006 4601 1084 4691 ipsa
1133 4638 1345 4705 componere
1365 4616 1563 4688 orationem
1589 4615 1796 4698 mittendam
1822 4613 1923 4691 (Η,
1974 4615 2045 4686 Sed
2069 4616 2130 4685 ille

84 4709 283 4802 germanica
300 4705 425 4790 111110,
459 4704 563 4794 Quae
585 4719 703 4775 11111111
720 4727 794 4773 11011
811 4703 992 4787 1111111111,
1021 4702 1082 4771 1θᾶ
1132 4715 1239 4784 nimis
1256 4715 1399 4806 longam
1417 4719 1614 4808 scripserat.
1653 4715 1788 4810 Scripsi
1803 4716 1912 4805 igitur
1926 4715 2030 4786 aliam
2047 4719 2130 4792 bre-

84 4811 189 4884 habet
205 4810 391 4882 adiunctas
408 4807 662 4876 eruditissimas
676 4805 942 4888 annotationes,
958 4815 992 4874 et
1006 4803 1083 4872 sin·
1131 4841 1229 4901 vem,
1259 4831 1312 4902 et,
1343 4832 1383 4889 ut
1407 4840 1471 4910 ⁶8⁰
1498 4817 1638 4897 iudico,
1672 4817 1941 4888 convenientem
1966 4817 2020 4888 illi
2044 4844 2129 4889 con·

84 4915 262 5006 gularium
284 4909 689 5002 partiumssfdufflffilfl,
723 4919 877 5001 (1111111
907 4925 1082 4979 1111111111ῐῦ
1132 4920 1284 5010 gresscfi,
1310 4920 1350 4987 in
1372 4923 1443 5013 quo
1469 4917 1508 4992 C.
1525 4918 1568 4988 V.
1588 4918 1726 4989 dictura
1751 4909 1884 5012 est*').
1936 4917 2006 4990 Sed
2030 4920 2126 4990 iudi-

84 5018 267 5088 doctrinae
281 5010 440 5082 coelestis
457 5023 675 5098 monstrant,
699 5022 735 5079 et
748 5011 932 5098 degenere
947 5029 1082 5076 sermo-
1132 5019 1227 5090 cium
1251 5022 1296 5092 de
1319 5019 1476 5092 ρων,
1504 5020 1683 5114 permisto·
1742 5015 1872 5092 officia
1891 5041 1976 5092 vem
1995 5045 2072 5092 mea
2093 5034 2129 5093 et
2210 5031 2221 5044 .

85 5121 139 5189 nis
159 5115 333 5188 erudiunt
353 5113 539 5196 lectorem,
563 5126 604 5183 ut
628 5136 669 5182 ex
691 5110 777 5206 ipsis
789 5109 949 5180 fontibus
965 5109 1081 5178 bonae

84 5234 220 5292 mentes
241 5217 342 5286 firma
360 5215 559 5287 testimonia
577 5212 761 5286 doctrinae
776 5234 915 5282 sumere
932 5209 1081 5304 possint.

1165 5305 1194 5377 ⁹)
1211 5304 1403 5375 Estscriptum
1417 5299 1528 5374 publice
1540 5299 1663 5358 editum:
1689 5301 1822 5386 „Caum
1841 5319 1927 5373 qnare
1944 5313 1971 5360 et
1991 5321 2034 5362 sm
2057 5303 2128 5358 lesse

89 5421 337 5440 .....--
1201 5375 1256 5429 sint
1269 5385 1295 5428 et
1308 5373 1479 5428 retinendam
1494 5369 1595 5431 duum
1607 5371 1787 5433 doersum’·
1804 5382 1874 5446 ete,
1897 5389 1981 5446 qm
2057 5371 2129 5430 imus

1200 5443 1230 5498 in
1244 5441 1322 5496 libris
1339 5439 1533 5496 Mclantbonis.

115 5551 159 5622 fl)
177 5549 256 5614 sileo]
273 5545 353 5608 nect.
366 5547 460 5614 igilur.
1164 5529 1212 5602 ῃ1)
1230 5527 1295 5588 vid.
1313 5523 1573 5587 seniofredi&
1593 5523 1659 5584 Oct.
