4660 6254
254 329 333 414 555
834 285 1266 402 5555555555
1316 315 1425 394 um
1454 315 1501 394 x.
1553 316 1686 398 5555.
2224 325 2273 402 aa

257 522 300 582 ut
314 505 354 578 iu
369 503 528 578 moribus
540 501 660 594 legum
674 494 819 570 vincula
838 493 987 568 51155555
1005 508 1153 566 5555555
1171 493 1259 564 ode·
1312 493 1374 566 dio
1392 506 1590 587 propterea,
1616 496 1714 590 quod
1726 495 1946 590 scripserunt
1958 493 2083 592 aliqui,
2104 491 2276 576 Dialectiuc

261 623 365 693 runt,
398 609 446 678 ita
477 606 608 676 artium
639 612 844 696 praccepta,
875 611 1043 692 tanquam
1073 617 1260 679 carcerem,
1313 597 1422 668 armis
1444 596 1629 668 veritatem
1646 621 1870 691 apt-avorum
1887 602 2094 689 dogmatum
2113 605 2276 672 auctoribu
2306 647 2307 652 ,

262 711 368 782 multi
382 709 541 800 lugiunt:
571 722 607 779 et
623 719 664 778 ut
679 705 719 775 in
733 702 805 772 vita
820 701 999 770 licentiam
1014 698 1183 770 omnibus
1198 719 1260 768 cu·
1313 697 1558 768 labefactatam
1583 719 1671 768 esse:
1712 695 1800 771 haec
1817 701 1918 790 ¹enim
1942 725 2016 770 non
2038 716 2091 776 est
2116 703 2213 790 artis,
2238 709 2277 774 set
2306 695 2307 718 ¹

262 811 474 908 piditatihus
493 807 640 880 concedi
656 806 800 884 volunt,
826 802 929 872 itain
948 799 1197 892 religionibus,
1223 799 1259 866 iu
1313 799 1490 880 malorum
1506 800 1730 892 ingeniorum
1748 815 1781 872 55
1799 825 1928 894 pravae
1945 803 2182 874 institutionis
2194 829 2277 898 repes

263 909 510 1010 philosophia,
534 911 574 980 in
595 910 694 991 loro,
717 918 838 976 amant
857 904 1033 980 infinitam
1050 903 1263 984 libertatem,
1314 896 1452 979 hensio.
1504 899 1577 984 Sit,
1603 902 1696 972 utin
1713 905 1792 974 aliis
1809 905 1936 975 studiis
1951 921 2078 978 natura
2096 921 2280 978 rectactu-
2306 973 2307 990 ,

264 1016 501 1110 perniciosam
524 1027 558 1084 et
581 1011 685 1105 ipsis,
710 1022 747 1078 et
761 1003 940 1078 Ecclesiae
962 1005 1049 1085 Dei,
1079 1004 1264 1074 15515155-
1315 1003 1430 1074 ritutis
1452 1025 1575 1074 amans
1597 1016 1632 1074 ct
1654 1018 1765 1078 artem
1788 1006 1906 1078 sobrie
1919 1007 2049 1086 5115555,
2076 1030 2280 1102 eamqueno

265 1117 394 1192 dendis
415 1141 456 1188 ac
472 1113 675 1186 reiiciendis
691 1109 933 1203 opinionibus.
983 1103 1063 1178 Etsi
1080 1119 1196 1176 autem
1210 1117 1264 1174 ta·
1316 1106 1412 1175 deste
1428 1118 1463 1176 et
1476 1105 1630 1196 graviter
1645 1107 1690 1178 ad
1707 1107 1975 1202 inquisitionem
1992 1121 2027 1179 et
2042 1107 2279 1180 illustrationem

265 1221 319 1292 les
337 1231 484 1292 naturae
498 1217 698 1310 petulantes
711 1233 786 1283 non
799 1221 988 1280 moventur
1002 1221 1125 1279 nostra
1141 1207 1264 1276 admo·
1317 1204 1474 1277 veritatis
1489 1201 1671 1280 adhibeat:
1696 1233 1773 1278 non
1787 1223 1991 1282 exerceatur
2002 1205 2210 1301 sophistica,
2230 1235 2276 1282 uu

267 1321 425 1406 uitione,
455 1341 607 1413 quorum
632 1313 774 1406 ingenia
792 1311 1032 1382 moderatiora
1056 1322 1158 1392 suut,
1184 1329 1264 1400 *non
1317 1321 1481 1380 amentur
1496 1309 1675 1400 captiones
1688 1326 1723 1380 et
1738 1311 1965 1402 praestigiae,
1989 1323 2029 1381 ut
2044 1313 2279 1404 multaepuue

267 1421 461 1498 deserenda
477 1432 571 1492 sunt.
620 1415 698 1488 1155
716 1427 751 1486 et
766 1410 954 1498 adhortor,
980 1425 1014 1484 55
1030 1423 1173 1505 propter
1187 1407 1266 1499 glo·
1316 1424 1464 1482 naturae
1495 1409 1627 1480 similes
1653 1405 1841 1508 Autolyci,
1881 1409 2044 1508 Sisyphi,
2077 1411 2277 1508 Eurybatiet

265 1525 356 1608 51555
379 1523 446 1596 Dei
474 1546 514 1592 ac
544 1531 689 1614 propter
711 1511 888 1590 Ecclesiae
918 1515 1066 1588 salutem
1097 1514 1265 1591 obtestor,
1317 1513 1470 1584 aliorum
1492 1511 1727 1606 impostorum
1750 1515 1970 1586 delectantur
1993 1513 2090 1586 lodis
2114 1518 2279 1608 captiones

265 1623 546 1698 neDialecticen
567 1621 766 1712 negligant,
799 1641 863 1688 nec
885 1617 1103 1708 applaudant
1121 1613 1266 1684 insulsis
1317 1627 1352 1685 et
1367 1613 1566 1690 calumniis.
1606 1610 1796 1686 Ethorum
1816 1616 1949 1686 similes
1965 1615 2124 1686 15155555
2141 1615 2279 1688 mund

266 1727 491 1802 sermonibus
506 1747 648 1808 corum,
673 1721 738 1815 qui
757 1720 959 1810 vituperant
976 1743 1065 1803 5555,
1089 1730 1126 1786 55
1140 1711 1266 1784 Ε5515-
1317 1731 1372 1786 555
1393 1716 1571 1786 malorum
1593 1719 1797 1808 dogmatum
1819 1741 2030 1812 mangones,
2062 1731 2104 1788 ut
2129 1721 2179 1789 155
2192 1721 2280 1800 dicen,

267 1831 340 1903 sias
368 1829 531 1900 inutilem
562 1849 637 1896 5555
663 1822 859 1895 clamitant.
917 1819 986 1892 Sed
1012 1818 1182 1890 credibile
1204 1827 1267 1899 cst,
1318 1817 1401 1890 satis
1423 1831 1587 1910 apparet,
1622 1822 1685 1912 qui
1706 1843 1928 1914 nequaquam
1944 1817 2133 1892 Dialectici
2158 1835 2280 1892 snutut

267 1945 350 2005 sute
368 1926 437 2002 hoc
453 1943 593 2020 tempus
606 1925 743 1996 venisse
759 1920 975 1994 Dialecticeu
993 1922 1030 1990 in
1049 1930 1264 1990 contemtum
1319 1921 1481 2002 luerunt,
1503 1921 1563 1988 sed
1587 1923 1706 2012 potius
1730 1915 1919 2013 Sophistae
1942 1946 2004 1992 555
2027 1920 2279 2012 impostores,et

267 2028 355 2108 etin
370 2033 512 2116 odium,
536 2041 724 2121 propterea
738 2026 834 2118 quod
851 2047 925 2094 non
942 2047 1009 2106 ars,
1035 2023 1096 2090 sed
1114 2021 1265 2089 obscura
1320 2043 1394 2090 non
1417 2021 1533 2092 solum
1556 2021 1706 2092 aliarum
1728 2023 1992 2108 doctrinarum,
2016 2024 2079 2092 sed
2103 2019 2280 2093 5515551115

318 2135 439 2206 aedem
466 2131 548 2202 artis
572 2129 719 2212 umbra,
750 2127 972 2204 tradebatur,
1006 2123 1079 2194 imo
1103 2121 1265 2214 labyrin-
1319 2123 1460 2192 lecticae
1483 2123 1741 2213 depravatores.
1804 2123 1855 2198 Ut
1877 2133 2109 2195 numerorum
2136 2127 2281 2196 notities

266 2161 597 2310 Eiiuextrteabttes
612 2229 921 2322 proponebantur,
945 2247 1035 2319 quos
1050 2247 1093 2294 ue
1108 2225 1268 2293 doctores
1319 2227 1458 2294 donum
1471 2222 1538 2294 Dei
1562 2226 1686 2314 ingens
1708 2239 1778 2311 cst,
1804 2238 1839 2296 et
1860 2226 1964 2296 valde
1983 2228 2181 2298 necessaria
2201 2223 2283 2296 honi-

270 2338 415 2434 quidem
431 2333 692 2423 intelligebant:
719 2354 759 2400 ac
773 2341 910 2402 tantum
928 2329 1062 2408 aberat,
1089 2339 1128 2396 ut
1146 2324 1267 2394 iuvare
1321 2351 1407 2396 num
1421 2326 1530 2396 vitae:
1551 2326 1603 2406 ¹ita
1618 2349 1737 2398 veram
1753 2329 1905 2398 docendi
1921 2342 1955 2400 et
1970 2329 2208 2400 ratiocinandi
2221 2329 2282 2396 sisu

270 2440 447 2530 ingressos
469 2436 508 2505 in
531 2435 618 2506 alias
639 2446 731 2504 artes
751 2442 913 2524 possent,
943 2442 984 2504 ut
1000 2429 1117 2519 potius
1135 2425 1267 2496 551115-
1320 2427 1470 2498 sciamus
1485 2425 1553 2498 Dei
1567 2430 1704 2498 donum
1721 2453 1807 2515 esse,
1833 2444 1868 2500 et
1883 2429 1919 2498 iu
1937 2433 2149 2521 exponenda
2164 2429 2284 2501 doctrin

269 2565 351 2614 rum
367 2538 585 2628 corruptelae
600 2547 726 2608 essem.
759 2528 837 2622 Ego
851 2555 983 2610 veram,
1010 2529 1267 2616 incorruptam,
1321 2529 1460 2600 coelesti
1487 2543 1520 2599 et
1544 2529 1777 2622 inquisitione
1799 2530 1959 2602 veritatis
1976 2531 2014 2600 in
2036 2531 2117 2600 aliis
2138 2535 2283 2604 55155555
2308 2523 2309 2616 i

271 2643 429 2714 nativam
450 2636 684 2720 Dialecticen,
709 2635 848 2728 qualem
872 2645 907 2704 et
927 2634 973 2702 ab
990 2625 1206 2713 Aristotele,
1233 2639 1269 2697 et
1321 2631 1515 2702 cessariam.
1568 2627 1653 2701 ldco
1670 2646 1705 2704 et
1717 2631 1869 2713 Paulus,
1895 2657 1974 2702 cum
1990 2633 2090 2703 iubet
2103 2634 2145 2704 in
2163 2621 2309 2704 doeentt'

273 2744 410 2837 aliquot
422 2741 499 2811 eius
512 2763 587 2809 non
606 2736 750 2807 insulsis
767 2734 1037 2826 interpretibus,
1062 2745 1103 2802 ut
1118 2733 1164 2798 ab
1181 2723 1270 2798 Ate·
1320 2747 1414 2804 recte
1439 2733 1563 2823 partiri
1581 2757 1778 2804 sermonem
1796 2735 1981 2806 coelestem
1998 2756 2061 2804 seu
2079 2731 2283 2826 dpSmopir,
2308 2737 2309 2746 ’

238 2871 245 2880 ·
271 2831 1143 2939 5555155ΑρΙινοάίεἰιηείει3551155555515555,
1167 2855 1272 2921 prae·
1321 2849 1362 2904 ut
1391 2835 1464 2926 ipse
1490 2836 1669 2930 loquitur,
1702 2835 1856 2928 postulat
1885 2849 1978 2906 certe
2006 2831 2176 2908 adhiberi
2199 2859 2285 2906 curru

275 2947 369 3019 dico.
419 2943 523 3015 11555
546 2943 681 3014 51155555
701 2963 776 3010 555
791 2938 899 3010 modo
916 2937 956 3004 iu
973 2938 1050 3008 loro
1070 2935 1158 3005 etin
1175 2933 1272 3004 iudi·
1323 2937 1548 3008 discernendi
1567 2938 1726 3008 membra
1742 2939 1923 3010 doctrinae
1938 2937 2098 3024 diversa,
2118 2954 2166 3027 ‚ut
2180 2937 2286 3025 Legem.

275 3049 357 3134 ciis,
390 3061 450 3119 aut
480 3045 520 3114 in
550 3037 794 3137 philosophia,
827 3037 1025 3110 sedetiam
1053 3038 1092 3106 in
1114 3031 1271 3106 Ecclesia
1323 3035 1579 3128 Evangelium‚
1611 3033 1899 3133 Philosophiam,
1932 3037 2122 3113 Politicam
2149 3043 2288 3132 gubern

272 3151 377 3222 valde
391 3148 514 3220 utilem
530 3169 615 3218 5555.
649 3140 716 3228 Ac,
740 3154 781 3214 ut
797 3142 841 3211 de
858 3137 1015 3211 Ecclesia
1029 3162 1125 3212 nunc
1142 3136 1271 3222 dicam,
1322 3141 1456 3212 tionem
1478 3155 1512 3212 et
1534 3141 1603 3210 alia
1622 3140 1744 3216 multa.
1797 3140 1908 3236 ldque
1926 3142 2076 3210 verbum
2096 3138 2285 3238 5153555551

274 3276 332 3324 555
355 3249 512 3323 ostendit
528 3245 682 3318 inlibris
699 3243 873 3315 divinitus
888 3241 1027 3314 traditis
1041 3243 1085 3309 de
1102 3237 1201 3322 Deo,
1227 3241 1271 3307 de
1324 3267 1342 3310 a
1365 3243 1436 3312 ritu
1462 3242 1713 3318 sacrificiorum
1736 3257 1893 3315 sumtum
1916 3265 1989 3312 esse
2017 3261 2176 3336 apparet.
2234 3241 2286 3312 h'u

275 3353 460 3424 voluntate
473 3350 562 3434 Dei,
587 3349 631 3418 de
655 3347 751 3436 lege,
775 3346 819 3415 de
843 3356 1004 3436 peccato,
1029 3344 1072 3413 de
1089 3341 1271 3429 evangelio
1324 3343 1420 3414 enim
1441 3343 1568 3415 licebat
1589 3345 1812 3414 victimarum
1839 3368 1960 3414 carnes
1984 3369 2132 3438 quoquo
2148 3343 2286 3414 modob

276 3469 312 3526 ct
334 3453 413 3524 aliis
433 3451 559 3520 vicinis
581 3447 669 3519 locis
695 3447 847 3538 proponi
869 3445 1122 3536 amplissimam
1137 3442 1272 3512 doctri·
1324 3445 1455 3530 cerari,
1480 3447 1538 3516 sed
1558 3457 1671 3516 certae
1688 3457 1804 3537 partes
1818 3444 1895 3516 Deo
1908 3449 2119 3536 5555555155
2138 3460 2287 3522 555555

274 3580 371 3630 uam.
409 3551 451 3624 ln
465 3548 531 3622 hac
546 3551 575 3622 si
594 3553 674 3643 quis
688 3548 781 3620 dicet
794 3542 888 3617 nihil
903 3543 1155 3628 deliniendum,
1178 3539 1271 3612 nihil
1324 3549 1449 3637 adeps,
1477 3547 1610 3633 lumbi,
1635 3561 1670 3618 et
1686 3549 1814 3618 cauda:
1841 3561 1953 3618 certae
1970 3563 2074 3620 55555
2089 3551 2290 3619 sacerdotum

275 3654 567 3746 distinguendum
583 3673 676 3735 esse,
698 3672 772 3720 non
788 3649 1046 3721 ostendendum
1060 3669 1133 3716 esse
1147 3645 1273 3716 5115551-
1326 3664 1365 3718 55
1388 3663 1509 3740 pectus
1531 3663 1566 3719 et
1585 3643 1714 3730 haemi.
1763 3645 1853 3720 Erat
1867 3649 1975 3740 igitur
1991 3673 2049 3720 ars
2067 3651 2289 3742 555-51515555

275 3784 358 3830 meu
383 3759 478 3828 inter
499 3749 655 3823 humana
677 3751 808 3822 iudicia
830 3763 866 3822 et
882 3749 1071 3819 sententias
1087 3771 1128 3816 ex
1144 3771 1271 3818 arcano
1325 3753 1409 3834 1555,
1435 3751 1518 3843 quia
1544 3751 1657 3824 voluit
1670 3748 1766 3820 Deus
1791 3745 1876 3822 haec
1892 3753 1967 3842 ipsa
1986 3753 2153 3822 exercitia
2167 3771 2290 3822 555555-

275 3862 358 3932 5155
380 3858 512 3940 aeterni
528 3853 643 3926 Patris
666 3853 820 3946 prolatas
841 3876 947 3943 supra
966 3865 1001 3921 et
1015 3865 1108 3920 extra
1125 3873 1273 3940 conspe·
1325 3852 1541 3924 nesactiones
1573 3875 1645 3923 csse
1673 3854 1717 3922 de
1742 3853 1849 3922 rebus
1872 3853 2082 3928 maioribus,
2140 3852 2292 3924 Pectus«

277 3978 374 4034 ctum
398 3958 575 4032 humanas
594 3955 742 4039 mentis,
768 3979 833 4024 nec
846 3953 940 4024 viam
956 3966 1019 4022 aut
1031 3952 1193 4022 ordinem
1209 3953 1274 4020 ad·
1327 3949 1469 4024 bacmos
1491 3955 1733 4025 sacerdotibus
1756 3954 1938 4040 attribuit,
1964 3956 2170 4028 uonsolum
2187 3954 2294 4050 quien

276 4059 476 4134 hibendum
498 4059 631 4130 555515
652 4056 904 4149 explicatione,
930 4049 1001 4124 hoc
1017 4076 1100 4124 vere
1120 4053 1206 4138 crit,
1234 4065 1275 4122 ut
1325 4057 1503 4141 membra,
1528 4081 1608 4125 cum
1630 4057 1711 4148 plus
1736 4055 1851 4126 carnis
1872 4051 2043 4142 habeant,
2069 4073 2105 4128 et
2118 4059 2226 4146 magis
2239 4049 2295 4126 dx»

278 4164 429 4242 dicitur,
462 4173 536 4233 toto
559 4161 656 4230 coelo
682 4181 808 4232 555555.
867 4155 945 4226 lmo
968 4154 1161 4226 Dialectica
1185 4179 1275 4246 opus
1326 4181 1405 4228 rosa
1430 4172 1533 4240 sunt,
1566 4159 1647 4250 plus
1669 4158 1739 4228 cibi
1763 4161 2010 4250 suppeditant,
2037 4160 2099 4229 5551
2118 4159 2222 4230 etiam
2238 4155 2296 4248 qut

280 4280 349 4350 est,
385 4287 460 4334 non
494 4263 608 4332 solum
635 4274 676 4330 ut
701 4246 862 4332 doctrina
887 4260 1002 4330 lucem
1030 4253 1176 4339 habeat,
1214 4258 1274 4326 5551
1327 4273 1448 4349 peetus
1464 4261 1635 4350 significat
1650 4259 1880 4351 sapientiam,
1910 4256 2027 4330 1555551
2044 4261 2196 4334 15515155.
2243 4259 2298 4328 ,te

280 4371 390 4442 etiam
419 4377 459 4436 ut
486 4363 531 4433 sit
553 4361 761 4432 concordiae
787 4361 983 4442 vinculum.
1041 4356 1089 4428 Ut
1112 4357 1207 4427 enim
1231 4358 1277 4428 sit
1329 4362 1489 4434 tecellere
1512 4375 1630 4432 autem
1652 4364 1847 4432 sacerdotes
1869 4363 2073 4432 eruditione
2096 4375 2131 4434 et
2154 4359 2298 4454 sapienti:

277 4495 350 4543 una
373 4463 651 4544 etconsentiens
665 4485 733 4531 vox
748 4463 973 4546 docentium,
999 4483 1139 4531 neccsse
1157 4473 1277 4531 55555-
1327 4475 1486 4554 oportet,
1518 4477 1553 4534 et
1582 4463 1708 4552 ingens
1735 4487 1827 4536 55555
1850 4464 2118 4554 gubematiouis
2140 4467 2299 4556 praecipu

279 4596 364 4644 nere
391 4567 573 4642 doctrinae
605 4587 778 4636 summam
807 4563 980 4634 inclusam
1006 4563 1136 4666 artium
1159 4563 1278 4652 septis,
1328 4565 1511 4638 sustinere.
1564 4562 1684 4635 Cauda
1700 4563 1776 4636 Deo
1794 4567 2034 4650 cremabatur,
2059 4565 2302 4655 utsignilicsc·

277 4673 423 4768 proprio
449 4691 611 4741 sermone
636 4680 670 4738 et
688 4665 814 4735 ordine
835 4657 1136 4755 comprehensam.
1185 4663 1277 4736 Nam
1327 4682 1387 4740 tur
1410 4669 1453 4735 ad
1477 4661 1573 4736 hunc
1592 4667 1699 4738 linem
1715 4691 1837 4738 omnes
1855 4667 2011 4738 actiones
2027 4667 2229 4736 referendas
2242 4687 2293 4732 ese

279 4799 359 4848 cum
383 4771 440 4844 his
462 4769 638 4864 repagulis
655 4767 783 4838 artium
802 4766 952 4836 effractis
966 4767 1127 4838 doctrina
1142 4765 1278 4856 impro-
1328 4784 1368 4840 ut
1386 4768 1480 4840 Deus
1494 4769 1741 4845 celebraretur.
1781 4767 1851 4842 Sed
1868 4771 1994 4840 omitto
2006 4769 2207 4858 longiorem
2224 4791 2305 4836 cnar-

278 4877 359 4970 prio
388 4897 568 4955 sermone,
601 4872 678 4941 sine
708 4867 854 4954 ordine,
891 4867 968 4936 siue
999 4868 1279 4954 definitionibus,
1329 4871 1503 4942 rationem
1520 4865 1627 4942 huius
1643 4871 1744 4946 ritus.
1788 4869 2057 4943 115555515555
2073 4884 2212 4944 tautum
2230 4891 2302 4938 cos-

280 4979 357 5049 5155
373 4974 663 5046 distinctionibus
676 4969 864 5064 spargitur,
891 4969 1087 5040 discordias
1101 4971 1200 5063 sequi
1214 4993 1279 5040 ne·
1324 4972 1543 5057 memoravi,
1582 4986 1621 5043 ut
1650 4974 1693 5042 de
1715 4970 1867 5044 Paulino
1892 4974 2001 5044 verbo
2026 4968 2271 5068 515595555515.
2295 4990 2306 5031 ¹

282 5102 375 5151 cesse
390 5091 453 5160 est,
478 5099 558 5146 cum
575 5077 703 5146 dictata
720 5073 781 5142 alii
797 5072 900 5144 aliter
915 5084 949 5141 55
962 5071 1136 5162 accipiant
1149 5084 1184 5141 55
1198 5073 1280 5142 red·
1329 5073 1509 5144 sacrificiis
1526 5089 1654 5155 sumto,
1680 5075 1839 5146 iuniores
1854 5077 2095 5150 admonerem.
2144 5074 2195 5146 [5
2210 5089 2305 5144 sete:

282 5183 382 5254 dant.
440 5168 1281 5266 115ῑὶ555155350151551155515Ε551551555-
1330 5169 1467 5248 15555155
1481 5189 1575 5246 certo
1591 5178 1699 5247 modo
1714 5179 1883 5248 secandae
1896 5191 2017 5262 erant,
2043 5177 2093 5248 ita
2106 5191 2202 5248 certa
2219 5173 2309 5246 rati-

283 5305 376 5354 cesse
412 5293 478 5350 est:
522 5280 583 5347 sed
618 5277 665 5346 sit
696 5277 854 5360 erudita,
895 5275 1092 5344 verecunda
1103 5323 1120 5354 ‚.
1149 5277 1279 5365 555515,
1330 5302 1375 5346 ne
1399 5277 1596 5348 sententiae
1618 5279 1783 5350 coelestes
1805 5279 2073 5351 distribuendae
2093 5291 2197 5360 snut,
2226 5275 2309 5346 ‹ui›

283 5407 405 5456 amans
420 5379 588 5462 veritatis,
612 5375 916 5466 nonsitgarrula,
939 5399 1014 5446 non
1029 5375 1186 5463 rixatrix,
1206 5402 1281 5450 nou
1331 5379 1384 5448 rei
1418 5377 1473 5448 via
1506 5403 1587 5450 cum
1613 5380 1654 5450 in
1679 5381 1753 5452 sola
1775 5377 1967 5452 Dialectica
1990 5381 2132 5474 proprie
2155 5381 2310 5448 usdnrr.

284 5481 550 5580 praestigiatrix.
603 5478 674 5550 Nec
691 5479 931 5549 deterreamur
945 5501 964 5546 a
978 5473 1192 5552 Dialecticae
1207 5494 1281 5552 stu·
1333 5477 1418 5554 hacc
1447 5505 1503 5554 ars
1527 5495 1696 5576 tanquam
1718 5481 1832 5555 culter
1851 5477 1960 5556 huius
1981 5481 2179 5578 partitionis
2207 5481 2310 5552 nis·
