4778 6258
96 367 140 440 29
209 353 211 361 ’
678 371 1117 453 EPlSTOLARUM
1167 375 1354 456 murt.
1408 377 1540 453 1546.
2077 377 2127 453 30

96 540 215 613 cietate
233 556 268 613 et
281 542 469 614 laetissima
483 547 740 618 consuetudine
757 573 837 618 curn
854 550 932 641 ipso
948 563 983 619 et
1003 552 1085 620 uni·
1234 547 1455 642 Desponsavi
1486 551 1596 622 filiam
1621 549 1779 649 meam⁷)
1812 553 1935 626 iuveni
1960 557 2064 626 docto
2088 569 2124 625 et

97 667 193 712 verso
217 658 320 716 coetu
349 669 432 715 suae
463 643 650 718 Ecclesiae.
709 645 816 719 Hunc
837 665 911 724 toto
946 667 1085 744 pectore
1136 651 1292 722 modesto
1316 645 1538 740 †Franco”,
1563 679 1714 748 cumque
1736 660 1780 725 ad
1805 680 1942 726 sacrum
1964 657 2123 747 nuptiale

95 767 237 835 precor,
260 760 301 817 ut
323 759 359 817 et
380 760 415 818 le
430 764 543 818 servet
565 763 599 820 et
616 762 698 820 tuae
713 751 837 821 domui
854 767 889 824 et
904 751 1084 824 Ecclesiae
1135 753 1266 823 amicos
1278 755 1497 839 vocaverim,
1513 771 1546 827 te
1562 781 1704 851 quoque
1720 759 1869 826 maxime
1883 761 2002 827 adesse
2021 772 2122 849 opta-

96 845 317 918 fidelissimus
333 865 448 920 custos
466 861 499 918 ct
516 845 712 932 ἐπίσκοπος
726 854 929 944 prospiciat,
957 850 1083 929 Amen.
1133 852 1221 923 rim:
1249 857 1285 925 id
1308 857 1403 924 enirn
1425 854 1516 927 mihi
1538 874 1578 929 ut
1599 859 1685 928 meis
1703 855 1867 950 tiberis⁸)
1886 854 2120 929 honorificum

97 945 321 1040 Vitebergae,
345 951 470 1043 quinta
491 949 696 1038 Februarii,
723 951 833 1028 1546.
853 1021 857 1026 ,
1136 977 1208 1024 csse
1225 958 1409 1042 ducerem,
1423 962 1682 1053 gauderemque
1699 974 1733 1029 tc
1751 962 1786 1029 in
1804 957 2004 1053 ipsorum”)
2019 977 2121 1030 coctu

713 1082 845 1176 caspar
856 1082 1033 1175 crucige,
1136 1080 1215 1125 cum
1232 1060 1375 1130 coeteris
1388 1074 1446 1129 tua
1462 1073 1542 1130 vota
1560 1058 1635 1142 †ad
1652 1058 1767 1131 Deum
1778 1061 1794 1085 '⁸
1808 1064 2035 1150 coniungere:
2058 1061 2120 1152 qui

1135 1180 1206 1249 quo
1232 1160 1343 1248 magis
1367 1157 1593 1258 intelligis¹⁰)
1616 1162 1707 1233 vitae
1729 1163 1904 1255 pericula,
1930 1188 1970 1233 eo
1991 1164 2120 1231 arden-

199 1260 377 1354 Georgius
390 1261 564 1336 Rorarius
576 1265 662 1336 dicit
677 1267 784 1338 etiam
801 1265 1086 1355 Anten,Amen,
1134 1252 1416 1356 tius'peteres¹¹)
1442 1265 1633 1350 gubernari
1660 1288 1755 1333 meos
1789 1265 1970 1335 divinitus.
2027 1259 2118 1333 Cum

445 1451 448 1458 .
552 1365 680 1441 Amen.
1135 1373 1251 1429 autem
1274 1365 1318 1431 de
1349 1376 1384 1431 te
1405 1367 1565 1436 vocando
1595 1365 1846 1450 deliberarem,
1879 1364 2054 1456 simulque
2076 1369 2119 1432 de

1135 1477 1195 1532 tua
1218 1485 1300 1552 erga
1321 1464 1466 1532 fratrem
1494 1466 1622 1556 pietate
1640 1467 1752 1535 multa
1777 1468 1992 1536 dicerentur:
2046 1490 2119 1534 nou

1133 1585 1237 1634 ausus
1253 1587 1330 1634 sum
1346 1563 1410 1634 tali
1426 1579 1486 1636 tuo
1510 1581 1665 1658 tempore
1681 1584 1817 1656 petere,
1842 1583 1883 1638 ut
1905 1570 1948 1637 ad
1975 1590 2040 1636 nos
2061 1593 2118 1634 ac-

1134 1666 1292 1750 cederes,
1318 1667 1522 1758 praesertim
1537 1693 1616 1740 cum
1633 1665 1723 1738 mihi
1744 1663 1892 1739 historia
1907 1671 1950 1740 dc
1972 1681 2034 1738 tuo
2056 1693 2118 1757 pa·

95 1827 123 1897 N
182 1826 283 1898 3371
994 1828 1018 1890 F
1036 1833 1055 1890 b
1137 1780 1206 1852 tre,
1238 1767 1315 1837 viro
1347 1769 1572 1857 gravissimo,
1612 1785 1961 1842 commemoraretur:
2013 1793 2117 1862 quem

101 1853 312 1961 2⁰⁶2&
913 1837 1084 1946 ω
1133 1866 1252 1954 aiunt,
1272 1893 1353 1938 cum
1371 1870 1416 1938 ad
1431 1871 1572 1963 nuptias
1592 1874 1780 1964 aquodam
1795 1873 1907 1942 amico
1927 1884 2120 1950 vocaretur,

519 2019 567 2104 N
600 2019 648 2106 N
1132 1968 1291 2040 semestri
1306 1984 1442 2056 exacto,
1458 1985 1536 2061 post
1550 1987 1700 2042 mortem
1721 1988 1801 2042 tuae
1811 1969 1852 2066 ¹²)
1867 1974 1987 2045 matris
1996 1971 2119 2066 (quam

564 2082 576 2105 ·
644 2083 654 2103 ·
1131 2093 1211 2142 cum
1229 2070 1310 2141 aliis
1323 2073 1490 2142 omnibus
1504 2073 1663 2145 virtutib.
1686 2070 1868 2154 †honesta
1885 2089 2045 2145 matrona
2061 2073 2118 2139 di-

160 2179 261 2234 arantis
283 2179 381 2250 tamg.
401 2199 429 2251 p.
443 2181 494 2236 829
508 2197 541 2254 sq
570 2210 605 2224 -
639 2182 877 2268 Apopsplon‘tn
899 2183 960 2238 cod.
982 2183 1081 2238 suhart
1130 2171 1233 2270 gnis''
1251 2174 1475 2261 excelluisse,
1499 2188 1574 2245 tum
1591 2200 1675 2246 vero
1694 2177 1800 2246 etiam
1815 2176 1934 2246 literas
1950 2189 1983 2247 et
2002 2171 2119 2263 philo-

189 2248 524 2374 ¹5¹2J³ffi¹2¹¹2332ssh332
534 2250 833 2392 fflffi'ssffigifff·
840 2253 1082 2392 ‚ffffi‘gssgpgfi
1131 2263 1294 2366 sophiam
1308 2276 1454 2346 coluisse
1471 2273 1615 2372 scimus)
1632 2275 1735 2347 valde
1750 2293 1965 2348 commotum
1982 2277 2120 2358 dixisse,

193 2405 254 2440 eam
269 2385 374 2441 cuidam
388 2386 487 2443 amieo.
1130 2377 1255 2446 mirari
1275 2399 1312 2446 se
1334 2377 1439 2446 amici
1461 2378 1646 2463 duritiem,
1671 2379 1734 2472 qui
1747 2379 1899 2468 lugentis
1914 2379 2019 2449 talem
2035 2400 2120 2446 con·

1131 2479 1266 2567 iugem,
1290 2478 1463 2548 rationem
1480 2492 1619 2569 putaret
1637 2504 1709 2550 non
1727 2476 1946 2559 habendam,
1973 2479 2121 2570 perinde

1130 2604 1171 2649 ac
1186 2580 1216 2648 si
1231 2579 1288 2648 cui
1304 2576 1455 2660 †f0rte'’
1474 2605 1557 2672 pera
1574 2583 1618 2650 de
1632 2583 1774 2670 cingulo
1792 2582 1988 2654 decidisset.
2028 2578 2119 2648 Cum

96 2668 135 2751 ln
152 2673 218 2746 bac
235 2677 442 2748 confusione
456 2675 709 2769 Reipublicae,
735 2681 798 2750 etsi
808 2680 842 2774 ²)
867 2682 976 2753 multa
999 2691 1081 2748 sunt
1129 2681 1238 2770 igitur
1250 2681 1318 2750 tibi
1334 2703 1408 2749 nou
1419 2681 1594 2751 minorem
1611 2683 1776 2773 pietatem
1798 2683 1996 2754 tribuamus
2014 2705 2119 2773 quam

96 2780 300 2874 qnaenobis
318 2776 740 2851 intuentibushominum
758 2783 887 2867 vitam,
912 2803 1079 2869 magnum
1129 2783 1240 2874 patri,
1275 2793 1309 2850 et
1334 2775 1462 2852 horum
1486 2795 1686 2872 temporum
1714 2784 1891 2853 moesticia
1919 2783 2118 2852 communis

95 2884 251 2952 dolorem
278 2883 459 2952 adferunt:
493 2896 716 2953 tamencum
739 2883 910 2970 viderim,
942 2885 1081 2976 aliquas
1129 2878 1286 2978 tnnm¹³)
1312 2882 1471 2952 dolorem
1495 2898 1635 2972 augeat,
1669 2885 1806 2974 pudore
1828 2886 2021 2974 impedior,
2046 2909 2116 2974 quo

95 2979 273 3071 iuterea²)
287 2979 465 3052 Ecclesiae
474 2984 642 3077 reliquias
665 3007 756 3070 esse,
781 3009 871 3080 quae
889 3009 969 3057 cum
984 2984 1079 3054 divi·
1128 2985 1247 3054 minus
1263 2997 1297 3054 te
1315 3007 1499 3058 accersam.
1542 2984 1666 3056 Facies
1682 2998 1818 3070 tamen,
1843 2987 1939 3078 quod
1954 2984 2020 3056 tibi
2037 2985 2116 3051 viro

97 3086 188 3154 nitus
206 3097 405 3168 serventur,
421 3087 612 3154 ostendunt
629 3086 734 3154 ctiam
749 3110 815 3157 nos
834 3111 908 3157 non
923 3086 1079 3186 abiectos
1127 3087 1278 3179 sapienti
1292 3081 1362 3168 †et
1375 3085 1571 3157 officiorum
1588 3100 1766 3158 momenta
1782 3087 1918 3159 ratione
1937 3083 2118 3180 pensanti'

95 3186 202 3257 aDeo
219 3209 309 3257 esse:
335 3200 367 3256 et
384 3185 513 3275 passim
536 3209 609 3256 esse
630 3184 811 3281 aliquos³)
835 3190 931 3259 viros
957 3191 1079 3259 doctos
1125 3189 1317 3260 videbitur.
2190 3188 2203 3201 “

94 3303 125 3360 et
138 3285 325 3372 honestos,
351 3287 413 3380 qui
427 3287 577 3356 fideliter
591 3311 784 3380 propagare
798 3291 917 3361 literas
933 3303 968 3360 et
982 3290 1076 3382 optid

93 3415 162 3460 mas
175 3403 270 3461 artes
284 3391 442 3460 student:
468 3384 636 3458 nonnihil
651 3390 852 3484 acquiesco,
877 3392 979 3485 quasi
994 3416 1078 3484 por·
1228 3383 1330 3457 Hanc
1343 3402 1460 3457 autem
1476 3387 1660 3480 epistolam
1675 3390 1719 3457 ad
1737 3401 1771 3457 te
1790 3387 1887 3471 misi,
1912 3411 1986 3456 non
2001 3389 2115 3458 solum

93 3507 164 3562 tum
194 3491 352 3585 aliquem
372 3489 603 3582 prospiciens.
661 3491 742 3581 Qua
761 3494 971 3581 cogitatione
996 3517 1076 3564 cum
1125 3499 1167 3559 ut
1187 3487 1472 3558 benevolentiam
1488 3512 1568 3579 erga
1590 3502 1625 3559 te
1645 3511 1778 3575 meam,
1804 3513 1893 3582 quae
1908 3490 1976 3559 crit
1990 3513 2117 3580 perpe-

94 3609 191 3664 tuum
214 3593 419 3683 ingenium,
452 3593 707 3678 eruditionem,
738 3617 872 3676 mores,
904 3597 1009 3665 iidem
1037 3597 1078 3664 in
1125 3602 1204 3674 tua,
1237 3603 1384 3662 testarer
1399 3585 1464 3684 ²‘):
1504 3590 1693 3661 sedetiam
1713 3603 1756 3661 ut
1776 3613 2019 3678 cognosceres,
2050 3615 2116 3659 nos

93 3694 270 3776 docendo,
293 3692 498 3784 gravitatem
522 3693 562 3762 in
585 3695 685 3764 omni
710 3695 826 3767 officio
847 3697 1078 3788 contemplor,
1126 3692 1241 3761 luctus
1261 3692 1316 3762 tui
1339 3693 1513 3763 rationem
1534 3685 1716 3762 habuisse:
1755 3705 1930 3762 ettamen
1953 3706 2117 3782 peterem,

93 3820 253 3888 magnam
278 3796 493 3888 voluptatem
524 3796 642 3887 capio,
680 3791 903 3868 harmoniam
933 3797 1077 3869 illarum
1125 3807 1166 3864 ut
1196 3793 1317 3862 animo
1339 3795 1523 3866 nobiscum
1549 3794 1663 3878 adsis,
1697 3806 1732 3863 ct
1753 3806 1834 3863 vota
1857 3817 1922 3885 pro
1945 3794 2049 3862 nobis
2071 3797 2115 3862 ad

92 3894 407 3990 pulcherrimarum
424 3895 597 3967 virtmum
611 3897 848 3972 considerans.
892 3898 1077 3971 Nemeum
1125 3890 1242 3965 Deum
1267 3893 1391 3981 facias,
1415 3907 1455 3966 ut
1477 3910 1511 3965 et
1525 3889 1719 3966 Ecclesiam
1742 3907 1776 3964 et
1793 3894 1868 3963 eius
1883 3894 2062 3964 domicilia
2081 3908 2115 3961 et

93 4001 291 4071 eruditione
322 3997 489 4082 excellas,
529 4021 605 4068 non
631 3999 751 4070 minus
789 4000 968 4084 †tamen''
998 4002 1079 4072 lite-
1127 3996 1243 4065 studia
1263 4010 1379 4067 servet
1398 4020 1439 4068 ac
1461 4009 1577 4086 regat,
1602 4009 1636 4066 ct
1655 3999 1725 4066 tuis
1745 3995 1903 4087 meisque
1918 3995 2040 4064 liberis
2055 3997 2114 4064 det

93 4102 138 4170 ris
163 4114 374 4172 ornamento
396 4112 480 4169 sunt
502 4112 657 4171 caeterae
677 4114 757 4172 tuae
780 4101 946 4185 virtutes,
972 4125 1078 4195 quam
1126 4095 1218 4168 vitae
1239 4097 1458 4166 curriculum
1489 4097 1662 4181 salutare,
1696 4109 1737 4168 ut
1760 4096 1831 4166 sint
1846 4091 1957 4189 σκευὴ
1979 4092 2112 4177 ἐλέουςε

93 4202 154 4272 tibi
165 4200 195 4298 ⁴)
212 4202 338 4274 literae
350 4201 457 4291 ipsae.
483 4199 596 4294 Saepe
611 4203 716 4274 etiam
725 4197 815 4272 mihi
825 4204 984 4294 gratulor
999 4225 1078 4274 cum
1125 4199 1222 4291 quod
1239 4198 1396 4289 prolecto
1410 4199 1481 4270 tuis
1495 4197 1617 4268 liberis
1629 4210 1703 4270 toto
1723 4212 1864 4291 pectore
1879 4211 1975 4290 opto.
2007 4191 2061 4267 Ac
2075 4211 2115 4267 ut

92 4319 187 4374 tanto
201 4305 283 4373 viro
297 4301 486 4372 amicitiam
502 4325 593 4388 esse,
618 4329 658 4374 ex
674 4299 906 4400 quo⁸)hoc⁸)
921 4317 1078 4396 tempore
1124 4299 1216 4370 bene
1243 4321 1399 4391 sperem,
1429 4323 1577 4371 moveor
1606 4300 1667 4370 illa
1696 4300 1902 4390 gravissima
1930 4300 2115 4383 sententia,

89 4428 255 4494 magnum
269 4405 422 4474 fructum
437 4403 616 4498 percipere
631 4429 788 4498 possem,
815 4407 884 4476 nisi
904 4420 938 4476 te
960 4406 1078 4476 luctus
1124 4423 1213 4496 quae
1229 4401 1365 4472 etiamsi
1383 4401 1422 4471 in
1437 4399 1605 4474 Poiimate
1619 4397 1805 4495 prophano
1820 4401 1948 4494 scripta
1964 4413 2032 4486 cst,
2060 4415 2115 4472 ta-

91 4522 233 4599 propter
245 4505 365 4576 fratris
379 4503 463 4596 (viri
479 4507 688 4596 praestantis
705 4507 875 4599 sapientia
887 4521 921 4578 et
932 4503 1077 4601 virtute)

91 4610 272 4680 interitum
293 4606 392 4677 domi
409 4607 584 4682 retineret.

434 2541 561 2616 Amico
588 2538 748 2622 cuidam.

1710 3285 1720 3320 l

1128 4603 1337 4622 a*

1157 4728 1184 4798 7)
1202 4725 1271 4784 cot.
1284 4725 1405 4800 Goclph.
1417 4725 1507 4782 addila
1526 4727 1647 4784 mmm.

1159 4831 1187 4900 8)
1203 4826 1293 4886 stant.
1306 4837 1334 4883 et
1345 4829 1447 4884 liter-ra.

118 4915 145 4980 l)
164 4909 234 4966 cot.
252 4907 372 4982 Gttclpb.
403 4907 464 4963 Eece·
479 4911 509 4963 in
528 4911 582 4964 has
602 4925 711 4977 magna
728 4911 891 4982 confusione
908 4911 1078 4978 respublicae
1159 4927 1191 4998 9)
1209 4925 1297 4981 Mul,
1315 4927 1387 4993 ipso,

155 4982 248 5034 matra
259 4988 312 5036 etc.
406 5081 413 5095 Ι
504 5079 512 5094 ⁰
579 5078 586 5094 .
662 5078 669 5094 .
1160 5029 1205 5097 ιο)
1222 5025 1313 5084 unul,
1329 5029 1470 5092 expendo.

116 5082 146 5150 ι)
165 5079 236 5136 cod.
250 5077 371 5194 Gudpb.
384 5081 481 5151 video,
498 5087 614 5167 intergra
626 5079 745 5147 aliqum
1159 5129 1205 5199 ss)
1223 5125 1311 5181 Mm'·
1328 5135 1467 5193 mmm,

118 5179 149 5250 8)
165 5179 254 5236 Matri.
269 5195 384 5246 pamm
396 5181 480 5298 dtin-
1160 5227 1206 5298 12)
1222 5225 1311 5284 Mani.
1331 5235 1398 5280 luae
1415 5231 1506 5296 recle,
1523 5223 1586 5280 cod.
1604 5221 1723 5298 Gttclplt.
1742 5243 1822 5288 suae,

115 5285 146 5350 4)
166 5283 238 5340 ω·
251 5280 370 5354 emll'b·
381 5285 440 5337 ὼ·
1160 5330 1208 5402 18)
1227 5327 1298 5385 cod.
1308 5326 1428 5400 Guetpb
1446 5336 1570 5382 tautum·

113 5384 147 5548 {i
166 5379 372 5550 chddgdiipili:
379 5397 469 5532 aqddiis
488 5491 561 5532 meo.
1159 5428 1207 5500 ¹4)
1225 5427 1295 5484 0⁰⁶·
1311 5424 1429 5498 (3⁹de
1447 5441 1635 5492 tvenotcerrr.

122 4799 198 4810 -nuo
209 4795 308 4808 -—--
