4660 6254
222 357 300 454 aar
806 337 1243 442 nessoousuuu
1290 336 1397 423 orn
1429 343 1478 427 x.
1530 339 1660 424 soar
2204 345 2276 422 ec

221 528 418 618 Eleetoris,
448 527 505 600 vel
539 523 579 596 io
599 519 731 596 vicinia
752 519 961 592 commodos
980 515 1115 611 potnit,
1147 535 1221 610 quo
1273 515 1314 593 in
1329 515 1530 590 dialectices
1544 514 1697 610 epitome
1710 513 1946 603 absolvenda,
1971 533 2275 612 qosqutsmr

224 649 342 712 toturn
372 615 501 726 eorpus
529 625 743 700 Academiae
771 625 1032 694 transferretur.
1095 615 1222 711 ltaque
1274 619 1409 690 edituro
1424 619 1471 688 iri
1486 619 1580 692 intra
1592 640 1764 692 mensem.
1789 617 1925 692 Scribit
1936 621 2130 694 enimcum
2146 623 2275 696 librum

227 737 393 812 dominus
409 725 611 828 Philippus
632 727 673 797 in
693 725 864 818 oppidum
883 723 1039 794 vicinum
1054 715 1224 792 Anhalti-
1275 733 1435 794 accurate
1458 735 1495 793 et
1506 721 1716 810 diligenter,
1741 716 1890 792 mirifice
1904 722 2137 814 protruse-
2153 727 2277 798 nubib

226 861 356 914 norom
382 833 588 930 principum
612 825 823 900 Zerbestom
851 849 888 896 se
919 823 1082 896 contulit
1149 817 1225 895 Alii
1276 822 1481 902 iuventutis.
1754 845 1759 856 ·

227 941 444 1039 professores
482 933 784 1026 Magdeburgurn‚
825 925 889 998 alii
927 923 1225 1012 Brandeborgum
1382 921 1426 994 ln
1455 935 1632 996 eonventu
1649 921 1849 1016 Lipsiensi,
1882 924 2026 1018 dequo
2045 925 2142 1018 diri,
2175 929 2279 1000 etim

98 1065 105 1078 ·
230 1045 433 1134 elegerunt,
462 1037 527 1108 ubi
554 1034 740 1106 latitarunt
759 1031 803 1101 ad
826 1029 862 1100 ld
885 1043 1044 1121 tempos,
1074 1049 1146 1118 quo
1168 1048 1226 1095 ca·
1277 1023 1607 1119 petebaturalioce
1620 1015 1815 1098 Mauritio
1831 1017 1972 1097 scholae
1981 1022 2281 1120 witeburgensis

230 1159 314 1242 ptus
327 1139 474 1215 Elector
485 1135 680 1210 Saronicus
703 1131 892 1204 nunciatus
914 1143 977 1205 est.
1028 1125 1091 1198 Me
1109 1139 1227 1198 autem
1279 1127 1476 1220 restitutio,
1501 1126 1703 1222 quietum
1717 1128 1847 1216 eutice,
1871 1139 1907 1198 et
1921 1123 2070 1220 posthac
2085 1127 2278 1208 Witebee»

232 1263 310 1320 tum
335 1242 457 1328 initio,
485 1263 566 1310 curo
585 1237 666 1309 eliis
682 1232 800 1326 egredi
815 1233 905 1305 urbe
921 1231 1081 1304 etvitare
1100 1228 1227 1322 strepi-
1280 1252 1343 1322 gae
1367 1250 1486 1302 coram
1509 1228 1636 1322 amplis
1657 1227 1777 1302 verbis
1797 1227 1982 1322 promitit,
2008 1251 2047 1300 te
2071 1253 2154 1304 non
2172 1235 2276 1310 medo

234 1365 313 1423 tom
336 1345 492 1416 militnm
512 1340 730 1431 cupientem,
756 1337 903 1407 morbus
924 1333 1029 1403 lilioli
1050 1329 1228 1425 peribolo·
1280 1333 1542 1413 laboratorum,
1567 1330 1895 1407 utrutmretured
1913 1331 2102 1425 pristinam
2117 1335 2278 1428 tormen,

235 1471 297 1524 sut
317 1445 465 1520 monuit
485 1442 523 1512 in
540 1441 694 1535 oppido,
729 1439 792 1510 ubi
807 1461 891 1510 saue
906 1436 1129 1508 difficultates
1144 1433 1229 1504 tates
1280 1457 1406 1506 verum
1427 1435 1535 1506 esim
1553 1430 1799 1528 quaesitorum
1821 1431 1931 1518 vires,
1963 1432 2096 1532 quibus
2122 1437 2277 1534 locuple.

236 1549 385 1648 pertuli,
412 1568 502 1642 quae
515 1543 700 1637 inexperto
715 1561 838 1634 mares
853 1539 972 1610 videri
985 1550 1140 1630 possent,
1153 1533 1229 1603 eed
1281 1536 1352 1608 tari
1374 1549 1409 1607 et
1421 1535 1545 1627 sergeri
1556 1536 1668 1628 possit
1678 1533 1856 1608 academia
1873 1531 2182 1630 Witebergeusis.
2230 1541 2276 1616 Es

236 1650 535 1734 collateraneae,
559 1669 649 1742 quoe
661 1655 800 1716 secutae
816 1655 919 1727 suut,
938 1641 1046 1712 ludos
1062 1640 1230 1730 iocosque
1282 1661 1361 1731 spes
1374 1638 1548 1715 sollioitos
1562 1633 1688 1710 babuit
1701 1635 1864 1710 omnium
1878 1637 2122 1728 professorum
2141 1641 2275 1720 enham

237 1753 310 1830 dici
324 1762 506 1847 poteraots
547 1745 639 1820 Nam
655 1745 825 1819 nunciata
839 1758 953 1833 strage
970 1739 1143 1814 exercitos
1163 1761 1231 1807 no-
1280 1739 1574 1816 nonrrolentium
1589 1733 1683 1812 hune
1697 1734 1854 1812 uhotrm
1870 1739 2050 1824 duma,
2073 1743 2117 1812 ῑῃ
2133 1767 2211 1839 ψ
2225 1747 2276 1820 pm

238 1855 302 1930 stri
326 1868 361 1927 et
382 1862 567 1944 conspecta
585 1847 785 1920 tristissima
800 1846 914 1938 specie
932 1842 1232 1916 advolendnmer
1283 1839 1655 1917 eorumeorurn
1681 1839 1868 1935 splendere
1893 1841 2050 1933 primurn
2076 1847 2221 1940 eoepit,
2250 1865 2276 1920 et

236 1960 340 2052 loga,
364 1954 520 2047 denique
536 1949 706 2022 nunciata
720 1948 917 2020 calamitate
929 1944 1104 2016 Electoris
1119 1941 1232 2032 erpti—
1282 1947 1400 2016 bonae
1420 1957 1513 2016 astes
1527 1939 1705 2014 Eccleelee
1724 1942 1940 2016 necessariae
1959 1965 2090 2034 magno
2106 1971 2195 2020 enm
2209 1951 2276 2022 sm.

238 2061 295 2148 vi,
323 2057 445 2130 nullus
467 2053 520 2124 ibi
542 2052 681 2124 animus
701 2051 771 2124 luit
792 2064 864 2122 tam
887 2049 999 2130 celsus
1012 2047 1234 2127 tam-bunun
1284 2061 1344 2118 ctu
1364 2045 1562 2120 iuvemus
1583 2045 1734 2116 traditae
1747 2057 1790 2116 ,et
1813 2043 2008 2116 illustratae
2022 2046 2198 2138 luerunt,
2224 2077 2276 2126 ner

240 2159 303 2258 qui
324 2181 399 2234 uon
422 2156 541 2226 subito
564 2155 632 2226 isto
657 2166 794 2224 terrore
812 2173 960 2242 prorsus
973 2147 1233 2238 percelleretur.
1285 2163 1406 2220 moen
1424 2146 1633 2220 audentium
1656 2146 1775 2220 redire
1790 2145 1829 2216 tn
1844 2146 1970 2216 urbem
1986 2169 2060 2220 non
2076 2151 2184 2242 prin,
2202 2179 2278 2226 m,

239 2263 291 2338 Et
310 2258 474 2354 quamvis
495 2255 790 2348 periculosissima
812 2251 950 2324 obsidio
972 2250 1073 2321 urbis
1092 2260 1234 2318 noemae
1286 2248 1757 2333 commurmurantes,
1780 2259 1823 2319 nt
1842 2248 1931 2318 scire
1951 2249 2106 2340 possint,
2131 2277 2211 2348 qm
2229 2281 2277 2350 spe

240 2362 432 2437 metuenda
447 2349 781 2448 esset'imperatore
797 2377 878 2426 com
893 2353 1046 2424 emerim
1061 2375 1103 2419 es
1116 2349 1235 2438 Tonga
1287 2352 1548 2444 stipendiorum
1569 2347 1621 2420 ibi
1641 2350 1712 2420 sint
1733 2348 1848 2420 tutori
1871 2371 1952 2420 curn
1973 2357 2202 2426 aerumnosis
2215 2361 2279 2430 soie

242 2463 494 2546 descendente,
536 2471 653 2530 tamen
679 2479 760 2530 cum
782 2455 919 2528 familia
940 2455 1061 2547 fugere
1083 2475 1126 2521 es
1145 2454 1235 2521 urbs
1287 2454 1449 2540 insiliis,
1478 2446 1641 2552 eslnusti
1663 2451 1879 2544 sumptibus,
1907 2475 2000 2545 quos
2023 2451 2060 2524 in
2080 2449 2152 2528 boe
2180 2461 2279 2534 exilis

242 2591 319 2640 non
339 2563 459 2656 potui,
486 2585 545 2646 eo,
569 2561 664 2653 quod
686 2559 799 2630 nostri
820 2556 977 2651 equites,
1008 2554 1132 2650 quiin
1153 2555 1235 2642 fuge
1288 2575 1436 2646 roagrsos
1455 2555 1627 2627 feceruut.¹
1675 2550 1893 2625 Constitutio
1916 2566 2031 2626 autem
2052 2553 2129 2628 fisci
2152 2583 2199 2632 eo
2218 2577 2278 2634 tar·

241 2668 362 2742 omnia
378 2689 441 2735 sua
455 2663 695 2756 perdiderant,
720 2663 798 2731 sine
814 2658 1020 2730 discrimine
1037 2672 1109 2726 tarn
1123 2656 1237 2726 socios
1289 2658 1371 2728 dior
1391 2670 1461 2741 est,
1494 2657 1590 2750 quod
1612 2655 1780 2750 princeps
1801 2653 1876 2748 ipse
1898 2655 1987 2728 abiit
2006 2659 2050 2727 ad
2067 2679 2279 2736 conventum

242 2793 352 2864 quem
370 2763 487 2838 hostes
502 2764 722 2856 spoliabant,
750 2759 1061 2853 etdireptionibus
1076 2755 1238 2828 tristibus
1289 2755 1554 2849 Augustanum,
1598 2780 1664 2828 nec
1697 2771 1800 2829 antea
1831 2757 1985 2853 aliquam
2018 2783 2140 2832 rerum
2179 2767 2280 2838 ραις.

238 2893 366 2944 omnes
389 2869 465 2940 riae
488 2878 588 2936 eraut
611 2865 769 2938 insessae.
821 2861 943 2933 blansi
956 2857 1239 2950 igiturioolueut
1290 2862 1509 2931 siasticarum
1532 2854 1870 2932 etscholasticerum
1885 2859 2202 2938 noviomensem
2226 2895 2280 2962 po·

243 2997 324 3048 cum
347 2970 436 3042 meis
457 2969 498 3041 iu
520 2966 653 3060 oppido
668 2967 706 3038 in
725 2979 802 3038 toto
817 2979 976 3057 tempore
990 2962 1095 3046 belli,
1116 2961 1182 3032 ubi
1199 2960 1239 3028 in
1291 2977 1457 3034 stremam
1473 2960 1637 3052 suscepit.
2109 3025 2120 3041 ,

243 3074 388 3170 qnam
407 3069 595 3165 periculis,
624 3070 664 3140 in
681 3068 824 3164 quantis
838 3065 1036 3139 terroribus
1044 3077 1085 3136 et
1098 3083 1240 3132 moero-
1393 3062 1521 3135 Vocati
1540 3075 1626 3134 sunt
1645 3077 1678 3136 et
1702 3055 1890 3157 Philippus
1910 3080 1945 3139 et
1966 3065 2028 3138 alii
2052 3067 2279 3166 aliomgrb

200 3191 206 3196 '
244 3179 347 3250 ribus
366 3197 446 3246 cum
470 3173 550 3244 aliis
563 3172 718 3257 fuerim,'
740 3191 816 3240 non
832 3167 916 3238 lieet
930 3166 1092 3238 brevitati
1108 3163 1240 3256 episto·
1291 3163 1458 3260 praemiis
1479 3163 1687 3257 propositis;
1718 3167 1777 3236 sed
1801 3171 2127 3242 suae.eonstantiae
2141 3199 2219 3246 esse
2235 3180 2279 3248 io-

244 3279 314 3352 lori
332 3275 529 3368 explicare,
563 3287 598 3345 ot
618 3285 736 3346 uestra¹
754 3270 971 3360 generositas
983 3270 1068 3360 ipso
1087 3289 1161 3360 pro·
1177 3285 1241 3336 sne
1293 3271 1468 3351 dicarunt,
1495 3262 1685 3359 expectare,
1711 3259 1936 3355 utiideretrt,
1961 3268 2048 3340 num
2064 3275 2161 3346 serio
2179 3301 2279 3350 norm

244 3368 633 3471 ugaetrate‘aestimare
649 3373 790 3467 poterit.
1293 3370 1462 3441 dominus
1475 3364 1925 3446 scholaeinstoorotionesu
1938 3373 2119 3466 suscipere
2135 3379 2233 3456 retu.

347 3477 567 3550 Hortabator
595 3499 650 3546 me
677 3474 845 3544 dominos
866 3465 1086 3566 Philippus,
1117 3467 1242 3560 primis
1362 3498 1371 3529 ·.
1394 3469 1464 3540 Hic
1486 3483 1537 3539 est
1551 3465 1761 3540 Academiae
1784 3486 1925 3542 nostrae
1944 3489 2078 3558 status,
2101 3503 2214 3572 quem
2235 3485 2279 3552 in.

246 3582 393 3663 diebus,
425 3589 505 3650 eom
528 3591 650 3672 portae
673 3572 791 3648 adhuc
812 3587 972 3666 paterent
995 3573 1105 3643 tonnis
1129 3569 1242 3642 literis
1295 3571 1412 3644 dicare
1429 3585 1567 3643 vestrae
1578 3573 1803 3662 generositati
1818 3573 1917 3644 volui
1935 3597 2016 3650 cnm
2029 3577 2071 3647 in
2087 3580 2223 3654 viduis
2237 3609 2280 3656 η-

246 3686 293 3758 ed
307 3683 552 3775 capessendam
568 3681 706 3770 lugam,
729 3692 770 3750 ut
785 3699 841 3746 rue
855 3675 925 3746 sibi
939 3673 1095 3746 exulanti
1111 3672 1242 3744 adiun-
1295 3699 1387 3761 sem,
1418 3674 1557 3744 omissis
1579 3665 1729 3762 negotiis
1752 3675 1855 3762 belli,
1887 3701 1977 3769 quae
1996 3701 2038 3750 ex
2061 3681 2149 3757 aliis
2170 3689 2283 3761 audie

246 3809 384 3878 gerens,
409 3785 488 3865 sed,
512 3781 662 3868 utdixi,
688 3792 833 3871 propter
845 3776 1034 3848 latrocinia
1045 3774 1245 3864 magisne-
1295 3776 1434 3869 poterit.
1472 3773 1564 3846 Com
1577 3774 1686 3866 igitur
1702 3775 1813 3847 otium
1831 3777 2285 3860 nobisalectionibusisrs

247 3901 401 3960 suorum
427 3883 586 3977 equiturn
608 3881 805 3974 palantium
827 3901 935 3972 qrssrn
960 3871 1134 3961 trusum,
1166 3899 1241 3946 non
1295 3879 1463 3948 omnibus
1483 3877 1593 3948 ferme
1617 3878 1740 3948 datum
1765 3892 1874 3964 esset,
1896 3879 1994 3952 volui
2011 3877 2084 3957 hoc
2100 3883 2285 3964 anthuni

246 3991 299 4062 toi
315 4011 431 4069 ausus,
457 4009 574 4056 meunt
593 3984 762 4076 position
777 4004 916 4072 gregem
933 3979 1101 4071 perieulis
1118 3979 1242 4047 certis-
1294 3996 1453 4072 tempore
1485 4003 1599 4047 meam
1637 3978 1808 4050 familiam
1843 3979 1882 4050 in
1916 3983 2070 4076 petriam
2100 3991 2287 4071 addam„

248 4091 348 4160 simis
371 4111 554 4179 exponere.
608 4083 663 4156 lbi
680 4087 820 4156 obsesso
838 4085 928 4154 urbe
943 4073 1242 4176 Philippensem
1295 4103 1442 4175 eamque
1477 4079 1707 4172 popularibus
1738 4081 1825 4152 meis
1858 4087 2130 4176 commendare,
2169 4111 2227 4176 ur,
2261 4095 2288 4162 si

247 4191 384 4268 familia
406 4190 508 4258 cessit
528 4213 570 4256 er
593 4183 768 4256 Zerbesla
792 4177 1124 4278 Magdsbcsrgums
1157 4182 1244 4250 inde
1296 4184 1383 4278 quid
1392 4177 1481 4251 mihi
1499 4177 1693 4252 humanum
1712 4184 1896 4270 accideret,
1915 4185 2006 4258 sicut
2022 4210 2104 4263 snm
2121 4195 2289 4270 imbecilli

248 4291 374 4386 petivit
386 4283 655 4382 Brunsvigom.
689 4285 745 4360 Ex
760 4311 801 4360 eo
816 4288 895 4358 loco
912 4283 1085 4354 tumescit
1099 4284 1144 4352 ad
1158 4281 1243 4371 iuga
1295 4309 1460 4377 corpore,
1487 4297 1522 4355 et
1540 4307 1663 4374 parum
1680 4298 1741 4356 aut
1756 4281 1851 4356 nihil
1864 4312 2010 4379 prorsus
2023 4289 2081 4362 rei
2094 4293 2228 4370 liberie
2241 4323 2291 4372 n·

247 4391 419 4464 Hercinia
451 4391 490 4462 in
512 4392 684 4483 oppidum
707 4389 891 4481 imperiale
910 4379 1148 4472 Nerthum,
1178 4384 1243 4454 ubl
1274 4387 1457 4480 *linquere
1473 4409 1627 4480 possum,
1648 4379 1950 4460 haberenttarnen
1967 4389 2128 4466 coniunx
2144 4411 2181 4472 et
2196 4401 2293 4472 liberi

246 4497 542 4586 bonampartem
557 4489 697 4564 aestatis
717 4491 858 4562 delituit
872 4511 953 4560 curu
967 4485 1116 4560 familia.
1167 4482 1244 4557 Atii
1296 4489 1450 4582 aliquos,
1485 4487 1547 4580 qui
1573 4489 1732 4580 ipsorum
1754 4513 1876 4561 curam
1898 4507 2012 4582 agant.
2079 4493 2132 4570 Et
2158 4503 2293 4574 dmi

246 4597 479 4692 professores,
504 4595 568 4688 qui
583 4591 817 4683 Magdeburgi
835 4594 977 4663 lucrant
992 4584 1244 4684 perhyemem,
1296 4591 1389 4661 intra
1414 4589 1653 4684 quadriduum
1671 4585 1757 4662 binc
1778 4591 1876 4664 abire
1896 4591 2025 4688 iterum
2047 4593 2086 4665 in
2102 4595 2297 4676 Sami„

248 4721 330 4774 oum
353 4699 417 4770 illo
441 4697 520 4770 loro
543 4697 648 4768 etiarn
669 4695 866 4787 pericolum
880 4693 1102 4776 immineret,
1127 4702 1245 4761 trans-
1297 4707 1329 4764 et
1355 4706 1569 4763 conventum
1593 4685 1733 4762 scholae
1756 4708 1897 4764 nostrae
1920 4710 2121 4788 expectare,
2157 4729 2253 4800 quae
2272 4734 2296 4774 n

247 4801 410 4876 tulerunt
423 4820 504 4868 suas
517 4794 669 4868 familias
688 4810 723 4866 et
737 4797 872 4866 reculas
887 4797 927 4866 in
943 4789 1127 4865 Marchiae
1141 4792 1245 4884 oppl-
1296 4819 1371 4864 non
1394 4794 1617 4881 restituetur,
1649 4793 1718 4866 erit
1738 4790 1828 4864 mibi
1852 4795 1940 4866 alibi
1956 4795 2054 4868 locos
2072 4811 2299 4895 quaerendus

248 4903 337 4974 dum
353 4893 515 4983 Stendel,
539 4897 604 4969 ubi
620 4892 737 4968 adhue
753 4899 897 4988 degunt,
921 4919 988 4966 nec
1002 4917 1128 4966 eorum
1145 4891 1245 4987 quis·
1297 4910 1358 4968 aut
1374 4895 1507 4966 diutius
1525 4895 1750 4972 exulandum.

249 5025 357 5098 qoam
370 5000 540 5070 familiam
558 4997 779 5089 Vitebergam
795 4999 954 5083 reduxit,
978 5011 1040 5068 aot
1054 4998 1130 5088 ipse
1143 5019 1246 5063 roan-
1397 4995 1513 5070 Deum
1539 5021 1621 5082 oro,
1652 5011 1695 5070 ut
1714 4997 1852 5092 mitiget
1876 4999 1964 5070 iram
1988 5025 2110 5090 susm,
2144 5033 2196 5080 ne
2225 5035 2299 5081 mn

201 5186 205 5194 ⁴
250 5125 354 5176 surus
376 5125 418 5172 eo
441 5101 558 5176 rediit.
607 5099 715 5174 Solos
731 5095 1071 5198 Philippusmultis
1088 5096 1246 5189 epistolis
1298 5101 1495 5170 mutatione
1522 5099 1752 5192 imperiorum
1782 5101 1887 5172 etiam
1914 5105 2032 5174 studia
2056 5107 2115 5198 pia
2139 5111 2301 5204 extingui

248 5218 394 5276 vocatus
419 5204 464 5274 ad
489 5217 702 5275 conventum
722 5203 995 5295 provincialem,
1026 5201 1091 5294 qui
1105 5197 1249 5292 Lipsiae
1299 5203 1403 5275 sinat.
1454 5201 1602 5272 Necesse
1627 5214 1680 5273 est
1705 5201 1800 5272 enim
1823 5205 1968 5276 vastatis
1983 5201 2116 5278 scholis
2133 5236 2300 5306 magna

248 5305 492 5378 celebrabatur
519 5307 609 5376 circa
631 5302 871 5395 Margaretae,
909 5303 995 5374 inde
1019 5301 1249 5393 Vitebergarn
1301 5303 1433 5395 ubique
1448 5302 1649 5374 barbariem
1665 5303 1783 5399 sequi,
1809 5326 1873 5376 nec
1886 5307 2023 5398 puritas
2037 5311 2235 5387 docmina
2255 5343 2301 5386 rc-

247 5408 362 5492 renit‚
387 5407 452 5477 obt
468 5429 546 5476 eum
563 5407 684 5478 abiens
701 5405 740 5474 in
755 5405 907 5498 patriam
921 5403 1035 5490 oute
1051 5401 1250 5496 Septembr.
1302 5403 1515 5476 clesiasticae
1536 5405 1681 5476 retineri
1705 5407 1872 5496 neglectis
1894 5409 2022 5479 studiis
2042 5411 2259 5502 linguarum
2278 5448 2303 5486 r.

247 5509 286 5580 iu
308 5509 396 5580 meis
420 5509 568 5580 aedibus
589 5521 867 5581 commorantem
892 5505 1025 5601 reliqui
1039 5518 1250 5598 occupatum
1302 5505 1431 5578 artium
1446 5507 1587 5600 poterit.
1639 5505 1755 5580 Tuam
1772 5510 2042 5600 generositatem
2058 5537 2144 5604 oro,
2176 5535 2221 5592 ur
2242 5522 2303 5592 eui.
