4660 6254
256 375 333 452 ass
750 295 759 310 ’
839 341 1279 451 nrrsr'onanuu
1335 365 1444 450 nro.
1478 369 1525 450 x.
1578 363 1711 455 ster.

259 549 378 643 inquit
392 543 584 636 Theognis.
634 542 782 616 Nostros
796 542 924 616 evertit
939 543 1137 614 insolentia.
1181 539 1254 612 Ar·
1302 537 1368 614 No.
1389 539 1506 616 5994.
1811 587 1817 592 -
2053 605 2059 617 ,
2174 559 2209 619 1.
2223 549 2283 634 sept

256 653 375 724 bitror
397 649 491 718 idem
514 659 725 718 eventurum
748 646 813 730 iis,
839 645 902 738 qui
922 669 1019 714 nunc
1032 645 1182 734 superbe
1199 644 1255 711 vi·
1309 638 1520 676 Μ

261 752 370 824 ctoria
399 761 561 822 utuntur.
622 744 704 820 Erit
732 761 767 817 et
794 760 988 818 conventus
1011 739 1257 840 Augustanus
1602 719 1754 840 (ἴσοις,
1782 727 2014 822 Ofmattno.

261 853 346 922 novi
367 850 455 920 belli
479 848 682 935 classicum,
717 847 920 940 praesertim
944 847 975 917 si
1000 845 1171 940 Mysteria
1195 845 1257 916 illa
1372 883 1769 957 ,cssnmnpmpffiffi
1789 889 1948 946 nup,

262 947 512 1035 Grudiorum,
537 973 618 1032 sen,
643 963 685 1020 ut
698 951 759 1019 alii
774 949 939 1029 narrarit,
966 941 1126 1044 Groperr'
1138 948 1257 1040 profe-

261 1068 397 1136 rentur,
417 1052 556 1123 munita
572 1051 695 1122 edictis
709 1047 805 1120 basta
823 1038 958 1118 Caroli
970 1049 1120 1141 scriptis.
1146 1049 1258 1140 Saepe
1303 1039 1528 1132 Eruditione
1542 1055 1573 1116 el
1589 1044 1718 1116 uirtute
1731 1048 1943 1142 praestanti
1952 1045 2152 1145 Magistro
2166 1041 2285 1120 Geor·

262 1153 330 1227 hoc
351 1153 553 1226 tristissimo
577 1166 733 1242 tempore
752 1152 1172 1242 intuensdissipationem
1187 1149 1257 1220 Ec·
1350 1145 1430 1240 gio
1457 1141 1672 1234 Olmono,
1699 1145 1973 1250 συμφιλοσόφῳ
1988 1162 2021 1224 et
2035 1149 2162 1224 amico
2179 1174 2248 1222 suo.

262 1257 388 1328 clasiae
402 1267 477 1324 toto
492 1255 578 1323 orbe
594 1267 778 1336 terrarum,
801 1267 834 1322 et
852 1254 1053 1343 principum
1071 1277 1110 1324 ac
1126 1253 1257 1322 docen-
1302 1275 1524 1366 Docfissime
1546 1292 1678 1386 Georgi
1732 1318 1807 1366 non
1840 1299 1966 1369 dubito
1988 1313 2021 1370 te

263 1359 354 1430 tium
384 1355 648 1439 distractiones,
680 1354 719 1424 in
754 1354 839 1445 ipsis
872 1355 1135 1444 precationibus
1158 1355 1256 1424 illam
1685 1350 1696 1381 ‘

260 1457 364 1530 Pauli
389 1479 509 1525 vocem
531 1467 670 1545 repeto,
695 1469 735 1526 ut
754 1455 840 1526 velit
857 1456 956 1526 Deus
976 1449 1108 1528 πάντα.
1122 1451 1258 1528 ἀνακε-

262 1549 553 1655 φαλαιώσασθαι
574 1555 614 1628 e'u
637 1559 693 1650 τῷ
713 1561 867 1652 χριστῷ.
920 1553 1089 1629 Arbitror
1111 1557 1207 1626 enim
1223 1569 1258 1626 et

262 1663 377 1752 ipsum
401 1653 613 1750 Apostolum
635 1652 703 1727 hoc
723 1682 826 1728 usum
851 1659 978 1744 verbo,
1013 1660 1258 1751 contemplan-

261 1779 331 1834 tem
353 1760 490 1850 generis
514 1754 663 1828 humani
679 1759 925 1830 distractiones
945 1755 1133 1830 horribiles
1149 1773 1186 1830 et
1201 1761 1258 1829 in-

259 1864 393 1948 finitas,
417 1863 513 1953 quod
537 1861 681 1930 tandem
699 1862 742 1930 ad
762 1885 874 1934 unum
893 1876 998 1954 caput
1016 1861 1257 1953 adglutinabi-

261 1979 337 2046 Μ’
361 1964 460 2136 ἓυοά
476 1974 518 2032 ¹¹²
530 1976 601 2076 ‚⁰¹¹⁰
619 1961 697 2044 Μ’
722 1975 796 2031 ²⁰¹⁰
812 1975 952 2054 pedm
968 1978 1065 2081 ⁰9²⁰!
1302 2009 1444 2081 virtutis
1466 2007 1579 2078 officia
1601 2007 1696 2078 inter
1712 2031 1777 2078 nos
1794 2009 1909 2079 colere
1926 2023 1961 2080 et
1976 2010 2133 2081 amicitia
2149 2010 2280 2078 conim-

395 2061 639 2160 ansessronem
656 2059 917 2156 Augustoritum
938 2083 979 2134 eo
995 2079 1028 2131 te
1044 2089 1083 2132 m
1097 2085 1256 2152 graecam

260 2169 420 2256 linguam
454 2164 704 2234 transfundere
734 2166 890 2252 gaudeo,
928 2167 1012 2258 qnia
1038 2191 1102 2257 pro
1127 2164 1257 2234 ¹¹⁰³lris
1303 2123 1377 2179 ctos
1400 2131 1489 2178 csse:
1524 2112 1560 2178 id
1586 2122 1621 2179 et
1634 2110 1710 2199 paci
1729 2111 1891 2202 publicae
1906 2109 1992 2182 utile
2008 2112 2280 2230 eritaliqnando

1227 2267 1236 2282 .
1304 2210 1396 2280 lllnd
1423 2225 1541 2282 antem
1563 2223 1597 2281 te
1617 2235 1703 2295 oro,
1736 2227 1777 2283 ut
1798 2215 1843 2282 de
1864 2227 1939 2284 toto
1963 2227 2126 2304 negotio,
2162 2215 2208 2282 de
2228 2237 2278 2304 quo

261 2264 408 2338 horride
435 2263 591 2355 scriptis,
623 2259 806 2336 habebunt
831 2267 1063 2341 studiositas
1089 2268 1149 2336 illa
1168 2266 1262 2384 nitra
1302 2313 1445 2396 scribis,
1479 2314 1590 2402 magi,
1611 2312 1649 2380 fn
1672 2313 1860 2384 consilium
1882 2311 2051 2384 ,dhpbffls
2072 2327 2175 2384 tuam
2200 2317 2279 2410 pito

261 2367 511 2486 di⁰⁵.⁸“.lpl³’
538 2367 849 2488 ⁰²1¹⁹⁸⁸nlp¹⁰l⁹⁵i
898 2365 952 2438 Te
968 2383 1085 2488 timei
1102 2381 1256 2487 ‘'Planm
1303 2407 1482 2511 uropyc'ou
1512 2439 1617 2508 quam
1650 2409 1917 2514 ἀκριβολογίαν
1944 2408 2153 2508 δικανικήν.
2223 2413 2280 2484 Scis

259 2472 384 2540 brevia
407 2469 468 2536 alla
490 2473 674 2562 κεφαλαια
696 2470 888 2557 longiorrb.
911 2471 1173 2561 explieatromb.
1196 2493 1257 2540 or·
1277 2459 1282 2577 l
1301 2515 1392 2584 illud
1419 2513 1673 2608 Euripideum,
1718 2519 1813 2609 quod
1841 2517 2218 2586 convenientissimum
2243 2531 2280 2582 m

261 2595 358 2644 nare.
417 2567 529 2640 Nemo
556 2581 639 2640 tnnc
664 2593 730 2640 nos
754 2566 956 2643 adiuvabat.
1015 2569 1064 2643 Et
1087 2587 1161 2643 erat
1180 2595 1256 2640 non
1542 2619 1551 2634 .
1607 2619 1615 2634 .
1704 2613 1711 2642 ι
1787 2611 1797 2640 ι
1939 2615 1946 2640 .
2076 2617 2087 2641 .
2176 2623 2193 2638 .

260 2675 384 2762 exigua
414 2653 575 2742 confusio
596 2671 888 2762 disputationum.
942 2670 1048 2742 Nunc
1072 2674 1255 2766 aliquanto
1302 2631 1382 2742 uiae
1402 2613 1633 2742 huminum:
1664 2643 1731 2742 iac
1745 2643 1902 2740 laulfus
1924 2615 2023 2700 ὅστις
2047 2643 2212 2717 ευγεγως
2226 2641 2278 2708 ²⁰⁸

258 2776 362 2846 aliter
381 2795 437 2842 res
461 2774 599 2842 easdem
622 2773 862 2861 instituerem,
894 2788 930 2845 et
946 2775 1129 2846 recitarem
1148 2797 1257 2868 quae·
1303 2714 1640 2890 ffiam'llyilim
1662 2716 1942 2841 ‘ystimwwfi
1977 2719 2074 2790 Bene
2094 2721 2174 2790 ⁹³¹⁰
2189 2735 2218 2789 εἰ
2232 2741 2280 2872 ni}

1383 2869 1392 2890 .
1499 2844 1644 2915 yrrcum
1670 2837 1756 2895 scito
1771 2820 2005 2913 Brunswrgae
2031 2845 2126 2906 esse,
2152 2837 2189 2893 et
2204 2823 2267 2890 arbi

258 2879 337 2946 dam
356 2875 585 3046 lrif⁰ll¹l¹¹⁵q
1086 2979 1094 2996 .
1200 2979 1209 2997 .
1302 2937 1379 2994 tror
1399 2923 1451 2993 ibi
1472 2918 1564 2994 hanc
1584 2918 1749 3017 hyemem
1768 2947 1849 2996 eum
1864 2945 2176 2996 mansurumesse.
2228 2920 2280 2990 lte·

394 3000 477 3046 uam
491 2997 694 3069 κατηχησιν
709 2999 816 3070 quam
828 2990 908 3047 ante
926 3001 1038 3048 annos
1048 2979 1184 3072 aliquot
1197 3001 1256 3048 m·
1302 3049 1383 3094 rum
1399 3025 1486 3099 vale·
1538 3023 1613 3097 Cap
1630 3023 1751 3117 septb·

259 3073 413 3164 choasti,
438 3079 574 3148 absolvi
591 3081 784 3148 admodum
801 3079 890 3148 utile
907 3093 1006 3150 esset.

356 3176 411 3248 De
432 3203 511 3250 meo
537 3181 655 3251 reditu
675 3182 719 3250 ad
737 3176 858 3248 Albim
876 3181 964 3274 qnid
980 3182 1155 3254 scribam?
1179 3203 1254 3252 ser·

257 3304 381 3351 mones
397 3279 469 3350 scio
485 3281 647 3351 insuaves
660 3282 795 3372 spargi,
817 3284 877 3350 sed
894 3284 994 3352 brevi
1012 3279 1076 3354 hac
1091 3285 1253 3354 molestia

255 3395 297 3452 ιιι
320 3405 422 3472 spero
445 3382 691 3455 liberabimur.
750 3379 894 3452 Frustra
919 3383 1015 3452 enim
1038 3385 1252 3478 quibusdam

256 3485 399 3554 videtur
427 3497 565 3554 ostensa
594 3506 667 3553 esse
693 3505 771 3580 spes
794 3483 1079 3572 instaurationis,
1110 3512 1252 3583 quoque
1297 3459 1494 3592 Q·
2162 3479 2194 3540 ¹·
2210 3469 2278 3550 s‘f‘

255 3597 409 3655 utuntur
430 3583 543 3654 nostri
565 3585 718 3674 collegae
736 3583 936 3654 firmissimo
957 3604 1184 3676 argumento,
1210 3613 1252 3660 eo
1940 3595 1944 3610 '
2162 3561 2279 3592 Μ

254 3687 413 3756 fortassis
438 3686 608 3769 ledimnr,
643 3685 706 3779 qui
726 3687 891 3776 prodesse
914 3687 1039 3760 dicunt
1061 3687 1251 3774 Ecclesiae,
1376 3659 1568 3750 8θῦᾶῖἆο
1586 3673 1627 3747 ef
1644 3661 1927 3772 Leonflal'dv,
1958 3663 2217 3750 Maturata.

254 3788 389 3857 servari
419 3781 511 3856 hanc
543 3787 726 3858 doctrinae
749 3787 878 3860 sedem.
938 3787 1100 3862 Profecto
1124 3794 1162 3860 in
1185 3789 1251 3864 hac
1364 3827 1554 3899 mm„
1575 3825 1926 3899 ,mnofflnwgp
1950 3823 2124 3884 mosa.
2140 3821 2279 3898 ,9142

253 3889 403 3970 vicinia,
429 3888 460 3956 si
483 3883 541 3958 hic
563 3889 663 3958 nulla
686 3899 791 3958 erunt
809 3889 991 3960 doctrinae
1006 3894 1142 3980 studia,
1168 3896 1251 3965 bar·
1398 3907 1424 3952 u
1441 3895 1506 3954 ωδ·
1522 3895 1595 3952 22⁸·
1610 3896 1712 3954 nme.

253 3991 370 4060 ΝΜ
395 3985 635 4060 Ecclffiiamm
668 4012 732 4059 ⁸⁹¹¹
764 3991 907 4061 mum
938 3992 1137 4065 ‘timim
1171 3996 1251 4071 ‘rii‘
1295 4051 1472 4125 Honestis
1512 4063 1544 4124 et
1583 4049 1738 4126 eruditis
1769 4049 1966 4154 fratribus
2005 4047 2037 4124 S
2045 4049 2213 4126 edaldo
2247 4075 2282 4120 at

252 4089 326 4160 Nec
353 4115 433 4160 raro
459 4089 624 4160 venitin
649 4105 802 4164 mentem
829 4093 988 4164 vaticinii
1012 4097 1250 4192 undecunque
1295 4150 1334 4224 L
1435 4149 1460 4224 h
1533 4150 1562 4225 d
1613 4151 1672 4228 Μ
1849 4153 1858 4174 ,
1957 4151 2006 4224 l„
2095 4155 2103 4172 ,
2215 4153 2268 4172 ..

252 4204 323 4275 ‘⁸⁸'
349 4192 444 4285 ...a
461 4191 510 4261 ³⁵¹
525 4186 613 4272 τοὺς
626 4187 772 4284 ‘ww
786 4188 1011 4280 ‘mim'
1038 4200 1135 4290 ΨΜ
1149 4199 1250 4270 ”⁰¹¹⁵
1344 4179 1424 4328 iii
1442 4179 1588 4329 ..iiii
1606 4181 1755 4354 miii
1763 4149 2280 4352 iiiiiizssiiiiiiiii'*

250 4277 448 4386 prohibeat.
473 4291 604 4363 Sinon
620 4295 787 4385 procedet
803 4295 1011 4367 instauratio
1027 4294 1250 4388 Academiae,

250 4397 295 4464 de
322 4419 402 4466 meo
429 4393 535 4464 exilio
563 4409 679 4466 tecum
706 4395 927 4484 deliberabo,
959 4422 1032 4467 non
1059 4424 1140 4470 cnm
1167 4402 1249 4488 illis,
1296 4387 1488 4482 carissimi
1505 4404 1626 4505 filii¹).
1677 4407 1769 4488 Cum
1790 4409 1979 4486 ineasitia
1990 4411 2097 4494 urbe,
2121 4431 2283 4502 quaeres

250 4496 313 4588 qui
335 4519 392 4566 me
415 4518 480 4567 ⁶110
504 4495 672 4576 arbilrim
705 4497 787 4566 Odia
802 4522 961 4569 exercere
979 4502 1121 4586 V⁰l¹¹¹¹t‚
1147 4506 1248 4598 quael
1294 4538 1369 4583 non
1385 4527 1523 4582 tantum
1541 4510 1570 4604 ²)
1593 4511 1755 4582 doctrina
1776 4511 1936 4590 erudire,
1968 4513 2031 4582 sed
2052 4511 2157 4580 etiam
2178 4505 2282 4578 hone-

250 4597 318 4686 ipsi
343 4591 437 4668 nihil
454 4597 645 4690 peccarint.
696 4593 911 4692 Ubicunque
928 4616 1043 4672 autem
1061 4628 1141 4691 ero,
1172 4609 1247 4676 veri
1294 4616 1357 4686 stis
1374 4614 1544 4705 exemplis
1557 4614 1742 4686 instituere
1756 4625 1882 4705 potest,
1898 4623 1939 4684 ut
1952 4607 2284 4682 deAthenisCicem

133 4739 141 4752 ·
248 4695 318 4768 Dei
339 4698 599 4769 invocationem
625 4711 659 4768 et
680 4699 1247 4778 eandemdoctrinaevocemcir·
1293 4717 1379 4790 dicit
1396 4712 1442 4811 ³),
1481 4729 1516 4785 et
1548 4715 1751 4786 dulcissima
1775 4714 2041 4786 consuetudine
2067 4713 2183 4806 patrui
2201 4713 2232 4802 ⁴)
2256 4725 2282 4778 rt

248 4801 459 4886 retuleram,
484 4823 591 4892 qnam
607 4813 736 4871 sonant
754 4803 867 4873 nostri
884 4804 1009 4878 libelli.
1060 4804 1246 4901 ΤΥΡΟΗΜ·
1292 4819 1531 4890 sanctissimae
1560 4813 1734 4908 amitae⁵)
1767 4830 1902 4887 vestrae
1933 4815 2124 4896 fruamini,
2165 4837 2285 4884 meum

246 4897 340 4990 phos
354 4923 453 4972 socer
465 4895 635 4970 Andreae
649 4895 855 4998 Aurisubrs'
868 4902 1001 4976 Medici
1015 4921 1054 4978 ut
1067 4932 1181 5002 spero,
1203 4935 1244 4982 ex
1292 4920 1480 4992 eonsilium
1503 4931 1574 5006 est,
1605 4931 1646 4990 ut
1667 4917 1829 4990 nondum
1850 4941 1892 4988 ex
1908 4917 2023 5009 patria
2040 4909 2072 5014 ⁸)
2091 4915 2285 4990 discedatis

246 4999 391 5072 prussia
415 5001 514 5072 brevi
539 5002 674 5074 litteras
692 5027 712 5074 a
730 5005 804 5075 lilio
820 5005 952 5080 afferet.
1002 5006 1100 5081 Rene
1116 5025 1150 5082 et
1163 5013 1243 5083 feli·
1296 5059 1522 5076 --·--

2051 1312 2209 1369 naturae
2225 1313 2284 1368 tuae

1303 1398 1462 1468 bonitate
1480 1399 1638 1481 moveri,
1662 1412 1703 1469 nt
1726 1399 1931 1488 pecuniam,
1956 1399 2046 1472 sicut
2064 1401 2214 1484 scribis,
2234 1399 2283 1468 rni-

1303 1522 1400 1569 serae
1423 1498 1478 1568 illi
1499 1499 1671 1568 missurus
1694 1499 1757 1570 sis:
1795 1502 1855 1571 sed
1879 1513 1999 1574 tamen
2022 1503 2120 1596 quod
2146 1525 2190 1571 ea
2211 1501 2241 1569 in
2258 1523 2282 1568 re

1303 1601 1373 1670 mei
1406 1601 1513 1671 etiam
1544 1601 1719 1671 rationem
1751 1595 1883 1672 haber'e
1908 1617 1942 1672 te
1970 1605 2112 1688 scribis,
2150 1603 2282 1672 delectur

1303 1725 1422 1772 amore
1439 1725 1519 1792 erga
1535 1728 1592 1772 me
1611 1716 1690 1784 tuo,
1716 1703 1853 1794 tibique
1869 1703 2017 1795 gratiam
2033 1700 2166 1789 habeo,
2195 1731 2229 1772 ar
2243 1705 2283 1772 iu

1303 1817 1357 1874 ter
1374 1825 1437 1872 nos
1454 1819 1662 1898 perpetuam¹
1673 1807 1865 1875 amicitiam
1881 1826 1954 1876 esse
1974 1807 2066 1882 volo.
2099 1805 2280 1877 Honestum

1303 1920 1372 1986 est,
1404 1929 1488 1992 nos,
1520 1907 1583 2000 qui
1608 1905 1752 1977 uirtutis
1774 1908 1972 1978 doctrinam
1995 1907 2168 1994 colimus,
2201 1909 2281 1977 etiarn

247 5104 335 5172 citer
350 5103 438 5172 vale.
473 5099 571 5174 Dens
587 5117 750 5176 aeternus
765 5122 865 5198 pater
877 5109 1015 5180 domini
1032 5113 1147 5183 nostri
1162 5110 1242 5186 lesu
1324 5127 1354 5194 ι)
1371 5126 1533 5182 Melanthos
1546 5136 1622 5180 torar
1635 5135 1691 5182 mr
1704 5125 1826 5182 ultuma
1837 5123 1984 5182 ιιιιιιιιή.

246 5197 381 5276 Christi
404 5215 438 5276 te
462 5217 495 5274 et
518 5199 902 5300 lionestiss.coningem
923 5223 1078 5284 tuamet
1100 5215 1241 5292 dulciss.
1321 5215 1351 5282 2)
1374 5213 1739 5272 0⁰⁶·G01b·¹⁹¹·⁸⁰¹“¹¹¹·

246 5305 378 5378 liberos
392 5319 506 5380 terret
520 5305 715 5380 incolumes
728 5306 804 5384 Cal.
821 5309 999 5402 Septemb.
1322 5300 1352 5365 ⁸)
1371 5298 1442 5353 0⁰⁴¹·
1458 5298 1543 5353 ⁰⁰⁰²·
1559 5297 1618 5354 ¹⁹¹·
1631 5299 1718 5397 ⁸¹³¹}

899 5407 995 5488 Phil.
1013 5411 1190 5489 Melanlh·
1322 5385 1350 5450 t)
1369 5381 1437 5438 Cod.
1453 5380 1535 5435 Goth.
1549 5381 1610 5435 191.
1620 5390 1725 5447 patras.

1323 5469 1351 5534 ⁵)
1372 5469 1491 5536 oratioe]
1509 5465 1795 5522 commendavisse.

1323 5550 1352 5622 6)
1372 5549 1443 5606 Cod.
1455 5549 1537 5622 lang.
1550 5551 1673 5618 patruit.

1957 3101 2149 3219 Philippus
2163 3125 2244 3196 Met
