<?xml version="1.0" encoding="UTF-8"?>
<!DOCTYPE html PUBLIC "-//W3C//DTD XHTML 1.0 Transitional//EN"
    "http://www.w3.org/TR/xhtml1/DTD/xhtml1-transitional.dtd">
<html xmlns="http://www.w3.org/1999/xhtml" xml:lang="en" lang="en">
 <head>
  <title>
</title>
<meta http-equiv="Content-Type" content="text/html;charset=utf-8" />
  <meta name='ocr-system' content='tesseract 3.04.00' />
  <meta name='ocr-capabilities' content='ocr_page ocr_carea ocr_par ocr_line ocrx_word'/>
</head>
<body>
  <div class='ocr_page' id='page_1' title='image "./corpusreformato01bretgoog_0487.png"; bbox 0 0 4780 6258; ppageno 0'>
   <div class='ocr_carea' id='block_1_1' title="bbox 76 371 653 635">
    <p class='ocr_par' dir='ltr' id='par_1_1' title="bbox 76 371 653 635">
     <span class='ocr_line' id='line_1_1' title="bbox 76 371 147 446; baseline -0.014 0"><span class='ocrx_word' id='word_1_1' title='bbox 76 371 147 446; x_wconf 86' lang='lat' dir='ltr'>sss</span> 
     </span>
     <span class='ocr_line' id='line_1_2' title="bbox 484 531 653 635; baseline -0.024 0"><span class='ocrx_word' id='word_1_2' title='bbox 484 533 556 635; x_wconf 72' lang='lat' dir='ltr'>(Il</span> <span class='ocrx_word' id='word_1_3' title='bbox 580 531 653 631; x_wconf 80' lang='lat' dir='ltr'>N.)</span> 
     </span>
    </p>
   </div>
   <div class='ocr_carea' id='block_1_2' title="bbox 63 667 1069 3610">
    <p class='ocr_par' dir='ltr' id='par_1_2' title="bbox 63 667 1069 3610">
     <span class='ocr_line' id='line_1_3' title="bbox 76 667 1063 778; baseline -0.006 -18"><span class='ocrx_word' id='word_1_4' title='bbox 76 667 196 762; x_wconf 82' lang='lat' dir='ltr'>Grata</span> <span class='ocrx_word' id='word_1_5' title='bbox 212 700 263 759; x_wconf 91' lang='lat' dir='ltr'>est</span> <span class='ocrx_word' id='word_1_6' title='bbox 278 688 385 760; x_wconf 89' lang='lat' dir='ltr'>nobis</span> <span class='ocrx_word' id='word_1_7' title='bbox 400 689 645 760; x_wconf 80' lang='lat' dir='ltr'>benevolentia</span> <span class='ocrx_word' id='word_1_8' title='bbox 666 703 780 760; x_wconf 86' lang='lat' dir='ltr'>vestra</span> <span class='ocrx_word' id='word_1_9' title='bbox 799 709 880 777; x_wconf 88' lang='lat' dir='ltr'>erga</span> <span class='ocrx_word' id='word_1_10' title='bbox 900 707 966 756; x_wconf 91' lang='lat' dir='ltr'>nos</span> <span class='ocrx_word' id='word_1_11' title='bbox 982 709 1063 778; x_wconf 87' lang='lat' dir='ltr'>per-</span> 
     </span>
     <span class='ocr_line' id='line_1_4' title="bbox 77 789 1063 884; baseline -0.006 -24"><span class='ocrx_word' id='word_1_12' title='bbox 77 805 199 882; x_wconf 87' lang='lat' dir='ltr'>petua,</span> <span class='ocrx_word' id='word_1_13' title='bbox 224 815 330 884; x_wconf 87' lang='lat' dir='ltr'>quam</span> <span class='ocrx_word' id='word_1_14' title='bbox 349 815 430 860; x_wconf 91' lang='lat' dir='ltr'>cum</span> <span class='ocrx_word' id='word_1_15' title='bbox 455 791 534 862; x_wconf 90' lang='lat' dir='ltr'>aliis</span> <span class='ocrx_word' id='word_1_16' title='bbox 555 792 677 864; x_wconf 91' lang='lat' dir='ltr'>multis</span> <span class='ocrx_word' id='word_1_17' title='bbox 703 790 828 861; x_wconf 82' lang='lat' dir='ltr'>officiis</span> <span class='ocrx_word' id='word_1_18' title='bbox 851 789 1063 866; x_wconf 76' lang='lat' dir='ltr'>declarastis,</span> 
     </span>
     <span class='ocr_line' id='line_1_5' title="bbox 76 888 1065 983; baseline -0.008 -19"><span class='ocrx_word' id='word_1_19' title='bbox 76 905 151 964; x_wconf 89' lang='lat' dir='ltr'>tum</span> <span class='ocrx_word' id='word_1_20' title='bbox 166 915 251 961; x_wconf 91' lang='lat' dir='ltr'>vero</span> <span class='ocrx_word' id='word_1_21' title='bbox 267 906 302 961; x_wconf 93' lang='lat' dir='ltr'>et</span> <span class='ocrx_word' id='word_1_22' title='bbox 324 888 390 962; x_wconf 87' lang='lat' dir='ltr'>bac</span> <span class='ocrx_word' id='word_1_23' title='bbox 410 893 649 964; x_wconf 91' lang='lat' dir='ltr'>sollicitudine</span> <span class='ocrx_word' id='word_1_24' title='bbox 671 895 714 962; x_wconf 92' lang='lat' dir='ltr'>de</span> <span class='ocrx_word' id='word_1_25' title='bbox 735 891 865 962; x_wconf 90' lang='lat' dir='ltr'>nostris</span> <span class='ocrx_word' id='word_1_26' title='bbox 889 889 1065 983; x_wconf 89' lang='lat' dir='ltr'>periculis,</span> 
     </span>
     <span class='ocr_line' id='line_1_6' title="bbox 73 989 1064 1086; baseline -0.005 -24"><span class='ocrx_word' id='word_1_27' title='bbox 73 1015 180 1086; x_wconf 85' lang='lat' dir='ltr'>quam</span> <span class='ocrx_word' id='word_1_28' title='bbox 210 994 315 1064; x_wconf 89' lang='lat' dir='ltr'>nobis</span> <span class='ocrx_word' id='word_1_29' title='bbox 345 993 578 1083; x_wconf 87' lang='lat' dir='ltr'>significastis.</span> <span class='ocrx_word' id='word_1_30' title='bbox 628 992 747 1082; x_wconf 85' lang='lat' dir='ltr'>Quare</span> <span class='ocrx_word' id='word_1_31' title='bbox 773 993 901 1082; x_wconf 88' lang='lat' dir='ltr'>gratias</span> <span class='ocrx_word' id='word_1_32' title='bbox 929 989 1064 1079; x_wconf 89' lang='lat' dir='ltr'>agimus</span> 
     </span>
     <span class='ocr_line' id='line_1_7' title="bbox 74 1093 1062 1187; baseline -0.004 -23"><span class='ocrx_word' id='word_1_33' title='bbox 74 1094 194 1178; x_wconf 91' lang='lat' dir='ltr'>vobis,</span> <span class='ocrx_word' id='word_1_34' title='bbox 219 1107 255 1163; x_wconf 89' lang='lat' dir='ltr'>et</span> <span class='ocrx_word' id='word_1_35' title='bbox 268 1108 431 1187; x_wconf 91' lang='lat' dir='ltr'>optamus</span> <span class='ocrx_word' id='word_1_36' title='bbox 447 1095 540 1166; x_wconf 86' lang='lat' dir='ltr'>inter</span> <span class='ocrx_word' id='word_1_37' title='bbox 560 1118 626 1166; x_wconf 92' lang='lat' dir='ltr'>nos</span> <span class='ocrx_word' id='word_1_38' title='bbox 646 1109 828 1165; x_wconf 90' lang='lat' dir='ltr'>aeternum</span> <span class='ocrx_word' id='word_1_39' title='bbox 842 1097 886 1164; x_wconf 93' lang='lat' dir='ltr'>de</span> <span class='ocrx_word' id='word_1_40' title='bbox 903 1093 1062 1162; x_wconf 91' lang='lat' dir='ltr'>doctrina</span> 
     </span>
     <span class='ocr_line' id='line_1_8' title="bbox 76 1196 1064 1286; baseline -0.004 -20"><span class='ocrx_word' id='word_1_41' title='bbox 76 1217 286 1266; x_wconf 88' lang='lat' dir='ltr'>consensum</span> <span class='ocrx_word' id='word_1_42' title='bbox 317 1209 352 1265; x_wconf 91' lang='lat' dir='ltr'>et</span> <span class='ocrx_word' id='word_1_43' title='bbox 374 1196 598 1266; x_wconf 72' lang='lat' dir='ltr'>voluntatum</span> <span class='ocrx_word' id='word_1_44' title='bbox 629 1197 915 1266; x_wconf 80' lang='lat' dir='ltr'>coniunctionem</span> <span class='ocrx_word' id='word_1_45' title='bbox 939 1217 1064 1286; x_wconf 89' lang='lat' dir='ltr'>perpe-</span> 
     </span>
     <span class='ocr_line' id='line_1_9' title="bbox 75 1293 1063 1389; baseline -0.007 -21"><span class='ocrx_word' id='word_1_46' title='bbox 75 1309 172 1368; x_wconf 89' lang='lat' dir='ltr'>tuam</span> <span class='ocrx_word' id='word_1_47' title='bbox 190 1319 274 1369; x_wconf 89' lang='lat' dir='ltr'>esse.</span> <span class='ocrx_word' id='word_1_48' title='bbox 317 1295 421 1368; x_wconf 91' lang='lat' dir='ltr'>Scitis</span> <span class='ocrx_word' id='word_1_49' title='bbox 436 1297 530 1366; x_wconf 92' lang='lat' dir='ltr'>enim</span> <span class='ocrx_word' id='word_1_50' title='bbox 546 1293 713 1367; x_wconf 81' lang='lat' dir='ltr'>Ecclesiis</span> <span class='ocrx_word' id='word_1_51' title='bbox 727 1320 863 1389; x_wconf 88' lang='lat' dir='ltr'>semper</span> <span class='ocrx_word' id='word_1_52' title='bbox 875 1296 1063 1366; x_wconf 90' lang='lat' dir='ltr'>salutarem</span> 
     </span>
     <span class='ocr_line' id='line_1_10' title="bbox 74 1393 1066 1471; baseline -0.005 -3"><span class='ocrx_word' id='word_1_53' title='bbox 74 1421 147 1468; x_wconf 87' lang='lat' dir='ltr'>esse</span> <span class='ocrx_word' id='word_1_54' title='bbox 166 1396 392 1467; x_wconf 84' lang='lat' dir='ltr'>concordiam</span> <span class='ocrx_word' id='word_1_55' title='bbox 414 1411 448 1468; x_wconf 94' lang='lat' dir='ltr'>et</span> <span class='ocrx_word' id='word_1_56' title='bbox 467 1397 657 1468; x_wconf 87' lang='lat' dir='ltr'>amicitiam</span> <span class='ocrx_word' id='word_1_57' title='bbox 678 1398 893 1471; x_wconf 83' lang='lat' dir='ltr'>docentium.</span> <span class='ocrx_word' id='word_1_58' title='bbox 942 1393 989 1466; x_wconf 86' lang='lat' dir='ltr'>Et</span> <span class='ocrx_word' id='word_1_59' title='bbox 1010 1417 1066 1464; x_wconf 89' lang='lat' dir='ltr'>res</span> 
     </span>
     <span class='ocr_line' id='line_1_11' title="bbox 74 1493 1065 1590; baseline -0.001 -24"><span class='ocrx_word' id='word_1_60' title='bbox 74 1497 150 1590; x_wconf 90' lang='lat' dir='ltr'>ipsa</span> <span class='ocrx_word' id='word_1_61' title='bbox 184 1499 224 1566; x_wconf 91' lang='lat' dir='ltr'>in</span> <span class='ocrx_word' id='word_1_62' title='bbox 255 1493 311 1568; x_wconf 91' lang='lat' dir='ltr'>his</span> <span class='ocrx_word' id='word_1_63' title='bbox 342 1497 548 1588; x_wconf 83' lang='lat' dir='ltr'>regionibus</span> <span class='ocrx_word' id='word_1_64' title='bbox 580 1501 754 1585; x_wconf 78' lang='lat' dir='ltr'>ostendit,</span> <span class='ocrx_word' id='word_1_65' title='bbox 787 1499 918 1570; x_wconf 87' lang='lat' dir='ltr'>teneris</span> <span class='ocrx_word' id='word_1_66' title='bbox 948 1493 1065 1566; x_wconf 89' lang='lat' dir='ltr'>adhuc</span> 
     </span>
     <span class='ocr_line' id='line_1_12' title="bbox 73 1596 1066 1695; baseline -0.002 -25"><span class='ocrx_word' id='word_1_67' title='bbox 73 1596 240 1670; x_wconf 78' lang='lat' dir='ltr'>Ecclesiis</span> <span class='ocrx_word' id='word_1_68' title='bbox 263 1601 426 1669; x_wconf 75' lang='lat' dir='ltr'>fovendis</span> <span class='ocrx_word' id='word_1_69' title='bbox 449 1602 601 1672; x_wconf 91' lang='lat' dir='ltr'>multum</span> <span class='ocrx_word' id='word_1_70' title='bbox 625 1603 798 1695; x_wconf 83' lang='lat' dir='ltr'>proluisse</span> <span class='ocrx_word' id='word_1_71' title='bbox 818 1599 990 1670; x_wconf 90' lang='lat' dir='ltr'>amicitias</span> <span class='ocrx_word' id='word_1_72' title='bbox 1005 1622 1066 1668; x_wconf 92' lang='lat' dir='ltr'>eo-</span> 
     </span>
     <span class='ocr_line' id='line_1_13' title="bbox 74 1698 1066 1794; baseline -0.003 -24"><span class='ocrx_word' id='word_1_73' title='bbox 74 1724 173 1786; x_wconf 90' lang='lat' dir='ltr'>rum,</span> <span class='ocrx_word' id='word_1_74' title='bbox 198 1699 260 1794; x_wconf 87' lang='lat' dir='ltr'>qui</span> <span class='ocrx_word' id='word_1_75' title='bbox 278 1701 417 1772; x_wconf 89' lang='lat' dir='ltr'>docent.</span> <span class='ocrx_word' id='word_1_76' title='bbox 470 1698 524 1771; x_wconf 89' lang='lat' dir='ltr'>De</span> <span class='ocrx_word' id='word_1_77' title='bbox 538 1702 665 1773; x_wconf 89' lang='lat' dir='ltr'>itinere</span> <span class='ocrx_word' id='word_1_78' title='bbox 682 1717 798 1773; x_wconf 87' lang='lat' dir='ltr'>autem</span> <span class='ocrx_word' id='word_1_79' title='bbox 820 1725 916 1771; x_wconf 91' lang='lat' dir='ltr'>nunc</span> <span class='ocrx_word' id='word_1_80' title='bbox 934 1701 1066 1784; x_wconf 91' lang='lat' dir='ltr'>scitote,</span> 
     </span>
     <span class='ocr_line' id='line_1_14' title="bbox 75 1795 1065 1892; baseline -0.003 -22"><span class='ocrx_word' id='word_1_81' title='bbox 75 1824 142 1870; x_wconf 91' lang='lat' dir='ltr'>nos</span> <span class='ocrx_word' id='word_1_82' title='bbox 174 1795 323 1871; x_wconf 89' lang='lat' dir='ltr'>honesto</span> <span class='ocrx_word' id='word_1_83' title='bbox 357 1815 392 1872; x_wconf 93' lang='lat' dir='ltr'>et</span> <span class='ocrx_word' id='word_1_84' title='bbox 425 1803 484 1892; x_wconf 92' lang='lat' dir='ltr'>pio</span> <span class='ocrx_word' id='word_1_85' title='bbox 514 1803 663 1875; x_wconf 88' lang='lat' dir='ltr'>consilio</span> <span class='ocrx_word' id='word_1_86' title='bbox 699 1806 742 1874; x_wconf 90' lang='lat' dir='ltr'>ad</span> <span class='ocrx_word' id='word_1_87' title='bbox 774 1801 1065 1873; x_wconf 83' lang='lat' dir='ltr'>deliberationem</span> 
     </span>
     <span class='ocr_line' id='line_1_15' title="bbox 75 1903 1065 1996; baseline -0.001 -25"><span class='ocrx_word' id='word_1_88' title='bbox 75 1903 272 1996; x_wconf 83' lang='lat' dir='ltr'>quandam,</span> <span class='ocrx_word' id='word_1_89' title='bbox 298 1903 356 1974; x_wconf 91' lang='lat' dir='ltr'>cui</span> <span class='ocrx_word' id='word_1_90' title='bbox 374 1916 410 1974; x_wconf 92' lang='lat' dir='ltr'>et</span> <span class='ocrx_word' id='word_1_91' title='bbox 430 1904 493 1974; x_wconf 90' lang='lat' dir='ltr'>alii</span> <span class='ocrx_word' id='word_1_92' title='bbox 516 1906 612 1976; x_wconf 86' lang='lat' dir='ltr'>docti</span> <span class='ocrx_word' id='word_1_93' title='bbox 635 1919 669 1977; x_wconf 92' lang='lat' dir='ltr'>et</span> <span class='ocrx_word' id='word_1_94' title='bbox 691 1905 778 1976; x_wconf 88' lang='lat' dir='ltr'>boni</span> <span class='ocrx_word' id='word_1_95' title='bbox 803 1905 873 1974; x_wconf 91' lang='lat' dir='ltr'>viri</span> <span class='ocrx_word' id='word_1_96' title='bbox 894 1904 1065 1975; x_wconf 86' lang='lat' dir='ltr'>interlue-</span> 
     </span>
     <span class='ocr_line' id='line_1_16' title="bbox 74 1999 1066 2100; baseline -0.004 -26"><span class='ocrx_word' id='word_1_97' title='bbox 74 2017 160 2074; x_wconf 89' lang='lat' dir='ltr'>runt</span> <span class='ocrx_word' id='word_1_98' title='bbox 168 1999 205 2097; x_wconf 92' lang='lat'>¹),</span> <span class='ocrx_word' id='word_1_99' title='bbox 228 2017 477 2098; x_wconf 79' lang='lat' dir='ltr'>vocatosesse,</span> <span class='ocrx_word' id='word_1_100' title='bbox 500 2030 606 2099; x_wconf 88' lang='lat' dir='ltr'>quam</span> <span class='ocrx_word' id='word_1_101' title='bbox 624 1999 803 2097; x_wconf 83' lang='lat' dir='ltr'>speramus</span> <span class='ocrx_word' id='word_1_102' title='bbox 818 2003 1066 2100; x_wconf 88' lang='lat' dir='ltr'>tranquillitati</span> 
     </span>
     <span class='ocr_line' id='line_1_17' title="bbox 72 2102 1068 2199; baseline -0.002 -23"><span class='ocrx_word' id='word_1_103' title='bbox 72 2102 312 2176; x_wconf 83' lang='lat' dir='ltr'>Ecclesiamm</span> <span class='ocrx_word' id='word_1_104' title='bbox 343 2107 382 2175; x_wconf 94' lang='lat' dir='ltr'>in</span> <span class='ocrx_word' id='word_1_105' title='bbox 409 2102 465 2176; x_wconf 91' lang='lat' dir='ltr'>his</span> <span class='ocrx_word' id='word_1_106' title='bbox 490 2109 694 2197; x_wconf 89' lang='lat' dir='ltr'>regionibus</span> <span class='ocrx_word' id='word_1_107' title='bbox 728 2109 951 2199; x_wconf 85' lang='lat' dir='ltr'>profuturam</span> <span class='ocrx_word' id='word_1_108' title='bbox 985 2127 1068 2174; x_wconf 85' lang='lat' dir='ltr'>esse.</span> 
     </span>
     <span class='ocr_line' id='line_1_18' title="bbox 72 2203 1069 2294; baseline -0.002 -18"><span class='ocrx_word' id='word_1_109' title='bbox 72 2203 312 2294; x_wconf 84' lang='lat' dir='ltr'>Intelligimus</span> <span class='ocrx_word' id='word_1_110' title='bbox 342 2219 459 2278; x_wconf 88' lang='lat' dir='ltr'>autem</span> <span class='ocrx_word' id='word_1_111' title='bbox 490 2221 524 2278; x_wconf 90' lang='lat' dir='ltr'>et</span> <span class='ocrx_word' id='word_1_112' title='bbox 545 2204 749 2286; x_wconf 81' lang='lat' dir='ltr'>Electorem</span> <span class='ocrx_word' id='word_1_113' title='bbox 778 2203 1008 2278; x_wconf 74' lang='lat' dir='ltr'>Saxonicum</span> <span class='ocrx_word' id='word_1_114' title='bbox 1035 2219 1069 2274; x_wconf 90' lang='lat' dir='ltr'>et</span> 
     </span>
     <span class='ocr_line' id='line_1_19' title="bbox 72 2308 1067 2397; baseline -0.003 -21"><span class='ocrx_word' id='word_1_115' title='bbox 72 2308 205 2376; x_wconf 89' lang='lat' dir='ltr'>multos</span> <span class='ocrx_word' id='word_1_116' title='bbox 229 2320 441 2397; x_wconf 83' lang='lat' dir='ltr'>praestantes</span> <span class='ocrx_word' id='word_1_117' title='bbox 463 2310 558 2380; x_wconf 91' lang='lat' dir='ltr'>viros</span> <span class='ocrx_word' id='word_1_118' title='bbox 580 2311 716 2396; x_wconf 90' lang='lat' dir='ltr'>anniti,</span> <span class='ocrx_word' id='word_1_119' title='bbox 750 2322 788 2380; x_wconf 89' lang='lat' dir='ltr'>ut</span> <span class='ocrx_word' id='word_1_120' title='bbox 814 2310 861 2382; x_wconf 87' lang='lat' dir='ltr'>ita</span> <span class='ocrx_word' id='word_1_121' title='bbox 887 2330 1067 2378; x_wconf 78' lang='lat' dir='ltr'>communi</span> 
     </span>
     <span class='ocr_line' id='line_1_20' title="bbox 72 2405 1068 2500; baseline 0 -24"><span class='ocrx_word' id='word_1_122' title='bbox 72 2408 155 2500; x_wconf 91' lang='lat' dir='ltr'>paci</span> <span class='ocrx_word' id='word_1_123' title='bbox 168 2410 381 2493; x_wconf 89' lang='lat' dir='ltr'>consulatur,</span> <span class='ocrx_word' id='word_1_124' title='bbox 404 2433 449 2478; x_wconf 92' lang='lat' dir='ltr'>ne</span> <span class='ocrx_word' id='word_1_125' title='bbox 462 2405 637 2480; x_wconf 71' lang='lat' dir='ltr'>Ecclesiae</span> <span class='ocrx_word' id='word_1_126' title='bbox 653 2407 781 2482; x_wconf 90' lang='lat' dir='ltr'>harum</span> <span class='ocrx_word' id='word_1_127' title='bbox 794 2411 978 2500; x_wconf 90' lang='lat' dir='ltr'>regionum</span> <span class='ocrx_word' id='word_1_128' title='bbox 991 2422 1068 2479; x_wconf 90' lang='lat' dir='ltr'>tur-</span> 
     </span>
     <span class='ocr_line' id='line_1_21' title="bbox 72 2507 1068 2600; baseline 0 -22"><span class='ocrx_word' id='word_1_129' title='bbox 72 2509 206 2580; x_wconf 86' lang='lat' dir='ltr'>bentur</span> <span class='ocrx_word' id='word_1_130' title='bbox 224 2523 257 2580; x_wconf 87' lang='lat' dir='ltr'>et</span> <span class='ocrx_word' id='word_1_131' title='bbox 280 2510 391 2600; x_wconf 90' lang='lat' dir='ltr'>caligo</span> <span class='ocrx_word' id='word_1_132' title='bbox 416 2511 604 2583; x_wconf 88' lang='lat' dir='ltr'>inducatur</span> <span class='ocrx_word' id='word_1_133' title='bbox 622 2514 803 2586; x_wconf 86' lang='lat' dir='ltr'>doctrinae</span> <span class='ocrx_word' id='word_1_134' title='bbox 829 2513 873 2582; x_wconf 92' lang='lat' dir='ltr'>de</span> <span class='ocrx_word' id='word_1_135' title='bbox 896 2533 980 2582; x_wconf 89' lang='lat' dir='ltr'>vera</span> <span class='ocrx_word' id='word_1_136' title='bbox 1000 2507 1068 2578; x_wconf 84' lang='lat' dir='ltr'>Dei</span> 
     </span>
     <span class='ocr_line' id='line_1_22' title="bbox 73 2609 1069 2702; baseline 0 -24"><span class='ocrx_word' id='word_1_137' title='bbox 73 2609 309 2680; x_wconf 89' lang='lat' dir='ltr'>invocatione.</span> <span class='ocrx_word' id='word_1_138' title='bbox 361 2611 431 2682; x_wconf 88' lang='lat' dir='ltr'>Sed</span> <span class='ocrx_word' id='word_1_139' title='bbox 449 2609 547 2682; x_wconf 83' lang='lat' dir='ltr'>Deus</span> <span class='ocrx_word' id='word_1_140' title='bbox 567 2615 724 2684; x_wconf 90' lang='lat' dir='ltr'>orandus</span> <span class='ocrx_word' id='word_1_141' title='bbox 745 2625 814 2698; x_wconf 89' lang='lat' dir='ltr'>est,</span> <span class='ocrx_word' id='word_1_142' title='bbox 839 2627 880 2684; x_wconf 90' lang='lat' dir='ltr'>ut</span> <span class='ocrx_word' id='word_1_143' title='bbox 896 2614 1069 2702; x_wconf 78' lang='lat' dir='ltr'>gubernet</span> 
     </span>
     <span class='ocr_line' id='line_1_23' title="bbox 73 2711 1068 2806; baseline 0 -26"><span class='ocrx_word' id='word_1_144' title='bbox 73 2711 222 2784; x_wconf 89' lang='lat' dir='ltr'>consilia</span> <span class='ocrx_word' id='word_1_145' title='bbox 246 2711 466 2804; x_wconf 86' lang='lat' dir='ltr'>principum,</span> <span class='ocrx_word' id='word_1_146' title='bbox 492 2714 576 2806; x_wconf 88' lang='lat' dir='ltr'>quia</span> <span class='ocrx_word' id='word_1_147' title='bbox 597 2716 709 2786; x_wconf 89' lang='lat' dir='ltr'>multa</span> <span class='ocrx_word' id='word_1_148' title='bbox 730 2727 815 2786; x_wconf 86' lang='lat' dir='ltr'>sunt</span> <span class='ocrx_word' id='word_1_149' title='bbox 834 2713 990 2803; x_wconf 83' lang='lat' dir='ltr'>exempla</span> <span class='ocrx_word' id='word_1_150' title='bbox 1007 2735 1068 2780; x_wconf 83' lang='lat' dir='ltr'>vs·</span> 
     </span>
     <span class='ocr_line' id='line_1_24' title="bbox 72 2810 1067 2908; baseline -0.001 -26"><span class='ocrx_word' id='word_1_151' title='bbox 72 2825 150 2882; x_wconf 90' lang='lat' dir='ltr'>tera</span> <span class='ocrx_word' id='word_1_152' title='bbox 166 2826 200 2882; x_wconf 91' lang='lat' dir='ltr'>et</span> <span class='ocrx_word' id='word_1_153' title='bbox 215 2813 386 2897; x_wconf 87' lang='lat' dir='ltr'>recentia,</span> <span class='ocrx_word' id='word_1_154' title='bbox 413 2838 500 2906; x_wconf 85' lang='lat' dir='ltr'>quae</span> <span class='ocrx_word' id='word_1_155' title='bbox 516 2818 726 2900; x_wconf 90' lang='lat' dir='ltr'>ostendunt,</span> <span class='ocrx_word' id='word_1_156' title='bbox 750 2839 853 2908; x_wconf 89' lang='lat' dir='ltr'>saepe</span> <span class='ocrx_word' id='word_1_157' title='bbox 876 2810 1067 2884; x_wconf 89' lang='lat' dir='ltr'>humanam</span> 
     </span>
     <span class='ocr_line' id='line_1_25' title="bbox 72 2913 1065 3008; baseline 0 -26"><span class='ocrx_word' id='word_1_158' title='bbox 72 2914 284 3004; x_wconf 81' lang='lat' dir='ltr'>sapientiam</span> <span class='ocrx_word' id='word_1_159' title='bbox 309 2915 485 2986; x_wconf 82' lang='lat' dir='ltr'>inflexisse</span> <span class='ocrx_word' id='word_1_160' title='bbox 509 2917 698 3006; x_wconf 79' lang='lat' dir='ltr'>religiones</span> <span class='ocrx_word' id='word_1_161' title='bbox 719 2919 764 2987; x_wconf 94' lang='lat' dir='ltr'>ad</span> <span class='ocrx_word' id='word_1_162' title='bbox 786 2931 944 3008; x_wconf 84' lang='lat' dir='ltr'>tempora</span> <span class='ocrx_word' id='word_1_163' title='bbox 965 2927 999 2984; x_wconf 89' lang='lat' dir='ltr'>et</span> <span class='ocrx_word' id='word_1_164' title='bbox 1022 2913 1065 2982; x_wconf 92' lang='lat' dir='ltr'>ad</span> 
     </span>
     <span class='ocr_line' id='line_1_26' title="bbox 73 3016 1069 3110; baseline 0 -28"><span class='ocrx_word' id='word_1_165' title='bbox 73 3037 156 3084; x_wconf 91' lang='lat' dir='ltr'>eum</span> <span class='ocrx_word' id='word_1_166' title='bbox 179 3027 326 3100; x_wconf 89' lang='lat' dir='ltr'>statum,</span> <span class='ocrx_word' id='word_1_167' title='bbox 351 3016 414 3108; x_wconf 90' lang='lat' dir='ltr'>qui</span> <span class='ocrx_word' id='word_1_168' title='bbox 442 3040 462 3088; x_wconf 89' lang='lat' dir='ltr'>a</span> <span class='ocrx_word' id='word_1_169' title='bbox 490 3018 694 3110; x_wconf 88' lang='lat' dir='ltr'>potentibus</span> <span class='ocrx_word' id='word_1_170' title='bbox 715 3019 813 3088; x_wconf 90' lang='lat' dir='ltr'>visus</span> <span class='ocrx_word' id='word_1_171' title='bbox 834 3031 886 3088; x_wconf 87' lang='lat' dir='ltr'>est</span> <span class='ocrx_word' id='word_1_172' title='bbox 910 3039 1069 3086; x_wconf 93' lang='lat' dir='ltr'>commo-</span> 
     </span>
     <span class='ocr_line' id='line_1_27' title="bbox 71 3111 1067 3210; baseline 0 -26"><span class='ocrx_word' id='word_1_173' title='bbox 71 3115 167 3188; x_wconf 92' lang='lat' dir='ltr'>dior.</span> <span class='ocrx_word' id='word_1_174' title='bbox 223 3111 390 3207; x_wconf 84' lang='lat' dir='ltr'>Episcopi</span> <span class='ocrx_word' id='word_1_175' title='bbox 420 3118 572 3208; x_wconf 87' lang='lat' dir='ltr'>superbe</span> <span class='ocrx_word' id='word_1_176' title='bbox 598 3122 877 3210; x_wconf 89' lang='lat' dir='ltr'>responderuut,</span> <span class='ocrx_word' id='word_1_177' title='bbox 912 3140 949 3186; x_wconf 89' lang='lat' dir='ltr'>se</span> <span class='ocrx_word' id='word_1_178' title='bbox 977 3116 1067 3186; x_wconf 91' lang='lat' dir='ltr'>velle</span> 
     </span>
     <span class='ocr_line' id='line_1_28' title="bbox 70 3210 1068 3310; baseline 0.002 -26"><span class='ocrx_word' id='word_1_179' title='bbox 70 3214 219 3309; x_wconf 89' lang='lat' dir='ltr'>quidem</span> <span class='ocrx_word' id='word_1_180' title='bbox 230 3210 269 3307; x_wconf 88' lang='lat'>²),</span> <span class='ocrx_word' id='word_1_181' title='bbox 296 3230 336 3286; x_wconf 90' lang='lat' dir='ltr'>ut</span> <span class='ocrx_word' id='word_1_182' title='bbox 347 3211 559 3290; x_wconf 88' lang='lat' dir='ltr'>schismatici</span> <span class='ocrx_word' id='word_1_183' title='bbox 573 3215 798 3290; x_wconf 88' lang='lat' dir='ltr'>retrahantur</span> <span class='ocrx_word' id='word_1_184' title='bbox 813 3220 851 3288; x_wconf 93' lang='lat' dir='ltr'>in</span> <span class='ocrx_word' id='word_1_185' title='bbox 866 3217 960 3288; x_wconf 92' lang='lat' dir='ltr'>viam</span> <span class='ocrx_word' id='word_1_186' title='bbox 977 3241 1068 3310; x_wconf 90' lang='lat' dir='ltr'>quo-</span> 
     </span>
     <span class='ocr_line' id='line_1_29' title="bbox 65 3315 1067 3410; baseline 0.004 -26"><span class='ocrx_word' id='word_1_187' title='bbox 65 3318 170 3384; x_wconf 91' lang='lat' dir='ltr'>niam</span> <span class='ocrx_word' id='word_1_188' title='bbox 203 3317 330 3406; x_wconf 88' lang='lat' dir='ltr'>possit,</span> <span class='ocrx_word' id='word_1_189' title='bbox 364 3320 423 3387; x_wconf 91' lang='lat' dir='ltr'>sed</span> <span class='ocrx_word' id='word_1_190' title='bbox 450 3341 487 3388; x_wconf 90' lang='lat' dir='ltr'>se</span> <span class='ocrx_word' id='word_1_191' title='bbox 516 3315 608 3390; x_wconf 90' lang='lat' dir='ltr'>nihil</span> <span class='ocrx_word' id='word_1_192' title='bbox 639 3321 677 3392; x_wconf 93' lang='lat' dir='ltr'>in</span> <span class='ocrx_word' id='word_1_193' title='bbox 701 3321 775 3392; x_wconf 88' lang='lat' dir='ltr'>suis</span> <span class='ocrx_word' id='word_1_194' title='bbox 799 3320 1006 3410; x_wconf 90' lang='lat' dir='ltr'>regionibus</span> <span class='ocrx_word' id='word_1_195' title='bbox 1033 3331 1067 3388; x_wconf 89' lang='lat' dir='ltr'>et</span> 
     </span>
     <span class='ocr_line' id='line_1_30' title="bbox 64 3415 1067 3510; baseline 0 -24"><span class='ocrx_word' id='word_1_196' title='bbox 64 3415 270 3488; x_wconf 87' lang='lat' dir='ltr'>ditionibus</span> <span class='ocrx_word' id='word_1_197' title='bbox 301 3433 498 3490; x_wconf 87' lang='lat' dir='ltr'>mutaturos</span> <span class='ocrx_word' id='word_1_198' title='bbox 530 3443 615 3495; x_wconf 89' lang='lat' dir='ltr'>esse.</span> <span class='ocrx_word' id='word_1_199' title='bbox 664 3421 823 3505; x_wconf 85' lang='lat' dir='ltr'>Deinde,</span> <span class='ocrx_word' id='word_1_200' title='bbox 854 3435 894 3492; x_wconf 92' lang='lat' dir='ltr'>ut</span> <span class='ocrx_word' id='word_1_201' title='bbox 918 3421 999 3510; x_wconf 86' lang='lat' dir='ltr'>plus</span> <span class='ocrx_word' id='word_1_202' title='bbox 1020 3431 1067 3487; x_wconf 83' lang='lat' dir='ltr'>stt</span> 
     </span>
     <span class='ocr_line' id='line_1_31' title="bbox 63 3518 1065 3610; baseline 0.002 -22"><span class='ocrx_word' id='word_1_203' title='bbox 63 3518 346 3604; x_wconf 86' lang='lat' dir='ltr'>discordiarum,</span> <span class='ocrx_word' id='word_1_204' title='bbox 369 3521 571 3610; x_wconf 89' lang='lat' dir='ltr'>petiverunt</span> <span class='ocrx_word' id='word_1_205' title='bbox 584 3523 741 3606; x_wconf 90' lang='lat' dir='ltr'>concedi,</span> <span class='ocrx_word' id='word_1_206' title='bbox 765 3537 805 3592; x_wconf 92' lang='lat' dir='ltr'>ut</span> <span class='ocrx_word' id='word_1_207' title='bbox 819 3521 912 3593; x_wconf 86' lang='lat' dir='ltr'>inter</span> <span class='ocrx_word' id='word_1_208' title='bbox 928 3536 1065 3596; x_wconf 86' lang='lat' dir='ltr'>nostros</span> 
     </span>
    </p>
   </div>
   <div class='ocr_carea' id='block_1_3' title="bbox 60 3619 1141 3714">
    <p class='ocr_par' dir='ltr' id='par_1_3' title="bbox 60 3619 1141 3714">
     <span class='ocr_line' id='line_1_32' title="bbox 60 3619 1141 3714; baseline 0.001 -26"><span class='ocrx_word' id='word_1_209' title='bbox 60 3619 245 3696; x_wconf 80' lang='lat' dir='ltr'>liceatuti</span> <span class='ocrx_word' id='word_1_210' title='bbox 259 3620 406 3704; x_wconf 91' lang='lat' dir='ltr'>ritibus,</span> <span class='ocrx_word' id='word_1_211' title='bbox 432 3644 520 3713; x_wconf 89' lang='lat' dir='ltr'>quos</span> <span class='ocrx_word' id='word_1_212' title='bbox 535 3621 604 3714; x_wconf 91' lang='lat' dir='ltr'>ipsi</span> <span class='ocrx_word' id='word_1_213' title='bbox 619 3625 791 3712; x_wconf 86' lang='lat' dir='ltr'>probant,</span> <span class='ocrx_word' id='word_1_214' title='bbox 815 3625 845 3691; x_wconf 91' lang='lat' dir='ltr'>si</span> <span class='ocrx_word' id='word_1_215' title='bbox 861 3623 924 3714; x_wconf 82' lang='lat' dir='ltr'>qui</span> <span class='ocrx_word' id='word_1_216' title='bbox 940 3643 1064 3690; x_wconf 83' lang='lat' dir='ltr'>eorum</span> <span class='ocrx_word' id='word_1_217' title='bbox 1117 3664 1141 3682; x_wconf 88' lang='lat'>··</span> 
     </span>
    </p>
   </div>
   <div class='ocr_carea' id='block_1_4' title="bbox 65 3717 1065 4218">
    <p class='ocr_par' dir='ltr' id='par_1_4' title="bbox 65 3717 1065 4218">
     <span class='ocr_line' id='line_1_33' title="bbox 65 3717 1064 3811; baseline 0 -23"><span class='ocrx_word' id='word_1_218' title='bbox 65 3717 272 3793; x_wconf 89' lang='lat' dir='ltr'>doctrinam</span> <span class='ocrx_word' id='word_1_219' title='bbox 287 3731 320 3789; x_wconf 90' lang='lat' dir='ltr'>et</span> <span class='ocrx_word' id='word_1_220' title='bbox 338 3721 556 3800; x_wconf 85' lang='lat' dir='ltr'>ceremonias</span> <span class='ocrx_word' id='word_1_221' title='bbox 571 3723 683 3810; x_wconf 84' lang='lat' dir='ltr'>magis</span> <span class='ocrx_word' id='word_1_222' title='bbox 697 3736 828 3811; x_wconf 79' lang='lat' dir='ltr'>amant.</span> <span class='ocrx_word' id='word_1_223' title='bbox 864 3721 967 3792; x_wconf 88' lang='lat' dir='ltr'>Talia</span> <span class='ocrx_word' id='word_1_224' title='bbox 984 3744 1064 3790; x_wconf 88' lang='lat' dir='ltr'>cum</span> 
     </span>
     <span class='ocr_line' id='line_1_34' title="bbox 66 3815 1064 3916; baseline -0.001 -25"><span class='ocrx_word' id='word_1_225' title='bbox 66 3819 228 3912; x_wconf 86' lang='lat' dir='ltr'>episcopi</span> <span class='ocrx_word' id='word_1_226' title='bbox 250 3833 389 3911; x_wconf 92' lang='lat' dir='ltr'>petant,</span> <span class='ocrx_word' id='word_1_227' title='bbox 421 3823 582 3890; x_wconf 91' lang='lat' dir='ltr'>nondum</span> <span class='ocrx_word' id='word_1_228' title='bbox 610 3846 736 3910; x_wconf 87' lang='lat' dir='ltr'>magna</span> <span class='ocrx_word' id='word_1_229' title='bbox 764 3844 843 3916; x_wconf 88' lang='lat' dir='ltr'>spes</span> <span class='ocrx_word' id='word_1_230' title='bbox 868 3833 936 3905; x_wconf 88' lang='lat' dir='ltr'>est,</span> <span class='ocrx_word' id='word_1_231' title='bbox 966 3815 1064 3890; x_wconf 90' lang='lat' dir='ltr'>hunc</span> 
     </span>
     <span class='ocr_line' id='line_1_35' title="bbox 67 3919 1063 4016; baseline -0.004 -22"><span class='ocrx_word' id='word_1_232' title='bbox 67 3933 288 3994; x_wconf 88' lang='lat' dir='ltr'>conventum</span> <span class='ocrx_word' id='word_1_233' title='bbox 314 3919 560 4010; x_wconf 79' lang='lat' dir='ltr'>Arsgrsstauum</span> <span class='ocrx_word' id='word_1_234' title='bbox 589 3925 786 4016; x_wconf 86' lang='lat' dir='ltr'>pariturum</span> <span class='ocrx_word' id='word_1_235' title='bbox 818 3946 891 3992; x_wconf 90' lang='lat' dir='ltr'>esse</span> <span class='ocrx_word' id='word_1_236' title='bbox 920 3945 1063 3992; x_wconf 89' lang='lat' dir='ltr'>auream</span> 
     </span>
     <span class='ocr_line' id='line_1_36' title="bbox 68 4019 1064 4120; baseline 0.005 -29"><span class='ocrx_word' id='word_1_237' title='bbox 68 4033 221 4092; x_wconf 90' lang='lat' dir='ltr'>aetatem</span> <span class='ocrx_word' id='word_1_238' title='bbox 249 4023 379 4092; x_wconf 86' lang='lat' dir='ltr'>nostris</span> <span class='ocrx_word' id='word_1_239' title='bbox 402 4019 591 4105; x_wconf 84' lang='lat' dir='ltr'>Ecclesiis,</span> <span class='ocrx_word' id='word_1_240' title='bbox 610 4037 652 4094; x_wconf 92' lang='lat' dir='ltr'>ut</span> <span class='ocrx_word' id='word_1_241' title='bbox 671 4020 817 4120; x_wconf 88' lang='lat' dir='ltr'>aliqui&#39;)</span> <span class='ocrx_word' id='word_1_242' title='bbox 838 4024 1064 4117; x_wconf 88' lang='lat' dir='ltr'>scripserunt.</span> 
     </span>
     <span class='ocr_line' id='line_1_37' title="bbox 69 4119 1065 4218; baseline 0.002 -24"><span class='ocrx_word' id='word_1_243' title='bbox 69 4121 142 4194; x_wconf 86' lang='lat' dir='ltr'>Sed</span> <span class='ocrx_word' id='word_1_244' title='bbox 168 4145 233 4193; x_wconf 88' lang='lat' dir='ltr'>nos</span> <span class='ocrx_word' id='word_1_245' title='bbox 255 4119 322 4192; x_wconf 92' lang='lat' dir='ltr'>hac</span> <span class='ocrx_word' id='word_1_246' title='bbox 346 4125 587 4195; x_wconf 89' lang='lat' dir='ltr'>consolatione</span> <span class='ocrx_word' id='word_1_247' title='bbox 616 4138 870 4197; x_wconf 85' lang='lat' dir='ltr'>sustentemus:</span> <span class='ocrx_word' id='word_1_248' title='bbox 895 4125 989 4218; x_wconf 91' lang='lat' dir='ltr'>quod</span> <span class='ocrx_word' id='word_1_249' title='bbox 1014 4137 1065 4196; x_wconf 88' lang='lat' dir='ltr'>est</span> 
     </span>
    </p>
   </div>
   <div class='ocr_carea' id='block_1_5' title="bbox 66 4321 1065 4721">
    <p class='ocr_par' dir='ltr' id='par_1_5' title="bbox 66 4321 1065 4721">
     <span class='ocr_line' id='line_1_38' title="bbox 68 4321 1065 4408; baseline 0.004 -15"><span class='ocrx_word' id='word_1_250' title='bbox 68 4339 140 4398; x_wconf 90' lang='lat' dir='ltr'>tur.</span> <span class='ocrx_word' id='word_1_251' title='bbox 196 4321 287 4400; x_wconf 91' lang='lat' dir='ltr'>lllud</span> <span class='ocrx_word' id='word_1_252' title='bbox 303 4326 409 4395; x_wconf 80' lang='lat' dir='ltr'>etism</span> <span class='ocrx_word' id='word_1_253' title='bbox 422 4322 602 4408; x_wconf 81' lang='lat' dir='ltr'>iaciamus,</span> <span class='ocrx_word' id='word_1_254' title='bbox 628 4329 915 4400; x_wconf 84' lang='lat' dir='ltr'>coniunctionem</span> <span class='ocrx_word' id='word_1_255' title='bbox 934 4343 968 4400; x_wconf 90' lang='lat' dir='ltr'>et</span> <span class='ocrx_word' id='word_1_256' title='bbox 983 4351 1065 4398; x_wconf 90' lang='lat' dir='ltr'>sen-</span> 
     </span>
     <span class='ocr_line' id='line_1_39' title="bbox 69 4425 1065 4521; baseline 0.004 -27"><span class='ocrx_word' id='word_1_257' title='bbox 69 4425 263 4496; x_wconf 90' lang='lat' dir='ltr'>tentiarum</span> <span class='ocrx_word' id='word_1_258' title='bbox 281 4440 314 4496; x_wconf 89' lang='lat' dir='ltr'>et</span> <span class='ocrx_word' id='word_1_259' title='bbox 328 4429 552 4500; x_wconf 90' lang='lat' dir='ltr'>voluntatum</span> <span class='ocrx_word' id='word_1_260' title='bbox 569 4454 651 4500; x_wconf 90' lang='lat' dir='ltr'>vera</span> <span class='ocrx_word' id='word_1_261' title='bbox 671 4432 797 4521; x_wconf 87' lang='lat' dir='ltr'>pietate</span> <span class='ocrx_word' id='word_1_262' title='bbox 808 4442 992 4514; x_wconf 85' lang='lat' dir='ltr'>tueamur,</span> <span class='ocrx_word' id='word_1_263' title='bbox 1016 4453 1065 4499; x_wconf 84' lang='lat' dir='ltr'>ss-</span> 
     </span>
     <span class='ocr_line' id='line_1_40' title="bbox 66 4527 1063 4623; baseline 0.004 -28"><span class='ocrx_word' id='word_1_264' title='bbox 66 4541 129 4596; x_wconf 91' lang='lat' dir='ltr'>cut</span> <span class='ocrx_word' id='word_1_265' title='bbox 144 4527 239 4596; x_wconf 88' lang='lat' dir='ltr'>filius</span> <span class='ocrx_word' id='word_1_266' title='bbox 254 4527 320 4598; x_wconf 88' lang='lat' dir='ltr'>Dei</span> <span class='ocrx_word' id='word_1_267' title='bbox 338 4548 502 4620; x_wconf 86' lang='lat' dir='ltr'>precatur</span> <span class='ocrx_word' id='word_1_268' title='bbox 517 4545 669 4623; x_wconf 88' lang='lat' dir='ltr'>patrem,</span> <span class='ocrx_word' id='word_1_269' title='bbox 692 4546 732 4603; x_wconf 90' lang='lat' dir='ltr'>ut</span> <span class='ocrx_word' id='word_1_270' title='bbox 748 4532 870 4617; x_wconf 81' lang='lat' dir='ltr'>iaciat,</span> <span class='ocrx_word' id='word_1_271' title='bbox 897 4547 938 4603; x_wconf 91' lang='grc' dir='ltr'>ιιι</span> <span class='ocrx_word' id='word_1_272' title='bbox 952 4556 1063 4602; x_wconf 83' lang='grc' dir='ltr'>ιιιιιιιιι</span> 
     </span>
     <span class='ocr_line' id='line_1_41' title="bbox 66 4625 1063 4721; baseline 0.001 -19"><span class='ocrx_word' id='word_1_273' title='bbox 66 4627 182 4702; x_wconf 81' lang='lat' dir='ltr'>simus</span> <span class='ocrx_word' id='word_1_274' title='bbox 196 4629 233 4700; x_wconf 88' lang='lat' dir='ltr'>in</span> <span class='ocrx_word' id='word_1_275' title='bbox 248 4625 336 4706; x_wconf 85' lang='lat' dir='ltr'>Des.</span> <span class='ocrx_word' id='word_1_276' title='bbox 388 4629 485 4702; x_wconf 88' lang='lat' dir='ltr'>Bene</span> <span class='ocrx_word' id='word_1_277' title='bbox 501 4632 624 4702; x_wconf 88' lang='lat' dir='ltr'>valete.</span> <span class='ocrx_word' id='word_1_278' title='bbox 668 4628 816 4708; x_wconf 87' lang='lat' dir='ltr'>Calend.</span> <span class='ocrx_word' id='word_1_279' title='bbox 831 4631 943 4721; x_wconf 86' lang='lat' dir='ltr'>Maii,</span> <span class='ocrx_word' id='word_1_280' title='bbox 967 4655 1063 4704; x_wconf 86' lang='lat' dir='ltr'>snno</span> 
     </span>
    </p>
   </div>
   <div class='ocr_carea' id='block_1_6' title="bbox 71 4726 980 4912">
    <p class='ocr_par' dir='ltr' id='par_1_6' title="bbox 71 4726 980 4912">
     <span class='ocr_line' id='line_1_42' title="bbox 71 4726 185 4801; baseline -0.009 0"><span class='ocrx_word' id='word_1_281' title='bbox 71 4726 185 4801; x_wconf 75' lang='lat' dir='ltr'>tots.</span> 
     </span>
     <span class='ocr_line' id='line_1_43' title="bbox 833 4829 980 4912; baseline 0.014 -2"><span class='ocrx_word' id='word_1_282' title='bbox 833 4829 910 4910; x_wconf 78' lang='lat' dir='ltr'>Pb.</span> <span class='ocrx_word' id='word_1_283' title='bbox 925 4831 980 4912; x_wconf 84' lang='grc' dir='ltr'>Μ.</span> 
     </span>
    </p>
   </div>
   <div class='ocr_carea' id='block_1_7' title="bbox 98 5119 850 5394">
    <p class='ocr_par' dir='ltr' id='par_1_7' title="bbox 98 5119 850 5394">
     <span class='ocr_line' id='line_1_44' title="bbox 99 5119 787 5194; baseline 0.001 -15"><span class='ocrx_word' id='word_1_284' title='bbox 99 5124 128 5194; x_wconf 83' lang='lat' dir='ltr'>l)</span> <span class='ocrx_word' id='word_1_285' title='bbox 147 5119 353 5190; x_wconf 78' lang='lat' dir='ltr'>interfuerunt]</span> <span class='ocrx_word' id='word_1_286' title='bbox 372 5123 432 5180; x_wconf 85' lang='lat' dir='ltr'>cod.</span> <span class='ocrx_word' id='word_1_287' title='bbox 449 5123 531 5181; x_wconf 87' lang='lat' dir='ltr'>Gotb.</span> <span class='ocrx_word' id='word_1_288' title='bbox 547 5123 604 5182; x_wconf 81' lang='lat' dir='ltr'>l9l.</span> <span class='ocrx_word' id='word_1_289' title='bbox 621 5125 787 5180; x_wconf 67' lang='lat' dir='ltr'>trram.</span> 
     </span>
     <span class='ocr_line' id='line_1_45' title="bbox 98 5221 850 5300; baseline 0.013 -24"><span class='ocrx_word' id='word_1_290' title='bbox 98 5222 134 5293; x_wconf 82' lang='lat'>2)</span> <span class='ocrx_word' id='word_1_291' title='bbox 152 5223 280 5291; x_wconf 60' lang='lat' dir='ltr'>qudem]</span> <span class='ocrx_word' id='word_1_292' title='bbox 298 5221 359 5277; x_wconf 82' lang='lat' dir='ltr'>cod.</span> <span class='ocrx_word' id='word_1_293' title='bbox 373 5221 483 5282; x_wconf 78' lang='lat' dir='ltr'>Mense.</span> <span class='ocrx_word' id='word_1_294' title='bbox 495 5223 540 5280; x_wconf 80' lang='lat'>89.</span> <span class='ocrx_word' id='word_1_295' title='bbox 552 5223 633 5283; x_wconf 83' lang='lat' dir='ltr'>babet</span> <span class='ocrx_word' id='word_1_296' title='bbox 644 5235 707 5300; x_wconf 83' lang='lat' dir='ltr'>post</span> <span class='ocrx_word' id='word_1_297' title='bbox 723 5229 850 5292; x_wconf 72' lang='lat' dir='ltr'>superbe·</span> 
     </span>
     <span class='ocr_line' id='line_1_46' title="bbox 99 5317 665 5394; baseline 0.002 -14"><span class='ocrx_word' id='word_1_298' title='bbox 99 5321 130 5393; x_wconf 76' lang='grc'>8)</span> <span class='ocrx_word' id='word_1_299' title='bbox 151 5321 194 5378; x_wconf 84' lang='lat' dir='ltr'>lo.</span> <span class='ocrx_word' id='word_1_300' title='bbox 212 5317 348 5394; x_wconf 58' lang='lat' dir='ltr'>duisels·</span> <span class='ocrx_word' id='word_1_301' title='bbox 661 5350 665 5359; x_wconf 91' lang='lat'>·</span> 
     </span>
    </p>
   </div>
   <div class='ocr_carea' id='block_1_8' title="bbox 650 341 1514 448">
    <p class='ocr_par' dir='ltr' id='par_1_8' title="bbox 650 341 1514 448">
     <span class='ocr_line' id='line_1_47' title="bbox 650 341 1514 448; baseline 0.005 -4"><span class='ocrx_word' id='word_1_302' title='bbox 650 348 1086 446; x_wconf 77' lang='lat' dir='ltr'>rrrsronanuss</span> <span class='ocrx_word' id='word_1_303' title='bbox 1142 341 1329 448; x_wconf 79' lang='lat' dir='ltr'>mniu</span> <span class='ocrx_word' id='word_1_304' title='bbox 1377 367 1514 448; x_wconf 75' lang='lat' dir='ltr'>sals.</span> 
     </span>
    </p>
   </div>
   <div class='ocr_carea' id='block_1_9' title="bbox 1959 339 2120 618">
    <p class='ocr_par' dir='ltr' id='par_1_9' title="bbox 1959 339 2120 618">
     <span class='ocr_line' id='line_1_48' title="bbox 1959 339 2120 450; baseline -0.025 -1"><span class='ocrx_word' id='word_1_305' title='bbox 1959 339 1963 346; x_wconf 75' lang='grc'><strong>’</strong></span> <span class='ocrx_word' id='word_1_306' title='bbox 2039 369 2120 450; x_wconf 81' lang='grc' dir='ltr'>ιιι</span> 
     </span>
     <span class='ocr_line' id='line_1_49' title="bbox 1961 547 2096 618; baseline -0.059 0"><span class='ocrx_word' id='word_1_307' title='bbox 1961 559 1990 618; x_wconf 85' lang='lat' dir='ltr'>t.</span> <span class='ocrx_word' id='word_1_308' title='bbox 2010 547 2096 612; x_wconf 78' lang='lat' dir='ltr'>uu.</span> 
     </span>
    </p>
   </div>
   <div class='ocr_carea' id='block_1_10' title="bbox 1946 642 2107 668">
    <p class='ocr_par' dir='ltr' id='par_1_10' title="bbox 1946 642 2107 668">
     <span class='ocr_line' id='line_1_50' title="bbox 1946 642 2107 668; baseline 0 -1"><span class='ocrx_word' id='word_1_309' title='bbox 1946 642 2107 668; x_wconf 58' lang='lat' dir='ltr'>*m</span> 
     </span>
    </p>
   </div>
   <div class='ocr_carea' id='block_1_11' title="bbox 1126 535 1328 616">
    <p class='ocr_par' dir='ltr' id='par_1_11' title="bbox 1126 535 1328 616">
     <span class='ocr_line' id='line_1_51' title="bbox 1126 535 1328 616; baseline 0.025 -8"><span class='ocrx_word' id='word_1_310' title='bbox 1126 535 1194 612; x_wconf 87' lang='lat' dir='ltr'>No.</span> <span class='ocrx_word' id='word_1_311' title='bbox 1215 535 1328 616; x_wconf 73' lang='lat'>4225.</span> 
     </span>
    </p>
   </div>
   <div class='ocr_carea' id='block_1_12' title="bbox 1121 633 1334 674">
    <p class='ocr_par' dir='ltr' id='par_1_12' title="bbox 1121 633 1334 674">
     <span class='ocr_line' id='line_1_52' title="bbox 1121 633 1334 674; baseline 0.014 -4"><span class='ocrx_word' id='word_1_312' title='bbox 1121 633 1334 674; x_wconf 50' lang='lat' dir='ltr'>VN</span> 
     </span>
    </p>
   </div>
   <div class='ocr_carea' id='block_1_13' title="bbox 1436 727 1789 822">
    <p class='ocr_par' dir='ltr' id='par_1_13' title="bbox 1436 727 1789 822">
     <span class='ocr_line' id='line_1_53' title="bbox 1436 727 1789 822; baseline 0.023 -8"><span class='ocrx_word' id='word_1_313' title='bbox 1436 729 1516 814; x_wconf 75' lang='lat' dir='ltr'>&#39;lb</span> <span class='ocrx_word' id='word_1_314' title='bbox 1551 727 1789 822; x_wconf 84' lang='lat' dir='ltr'>Cronmero.</span> 
     </span>
    </p>
   </div>
   <div class='ocr_carea' id='block_1_14' title="bbox 1181 885 2107 1026">
    <p class='ocr_par' dir='ltr' id='par_1_14' title="bbox 1181 885 2107 1026">
     <span class='ocr_line' id='line_1_54' title="bbox 1181 885 2107 1026; baseline 0.003 -82"><span class='ocrx_word' id='word_1_315' title='bbox 1181 885 1373 1026; x_wconf 45' lang='lat' dir='ltr'>Selpctbgpist.</span> <span class='ocrx_word' id='word_1_316' title='bbox 1391 905 1417 958; x_wconf 90' lang='lat' dir='ltr'>p.</span> <span class='ocrx_word' id='word_1_317' title='bbox 1432 886 1492 944; x_wconf 78' lang='lat'>555.</span> <span class='ocrx_word' id='word_1_318' title='bbox 1516 887 1602 962; x_wconf 84' lang='lat' dir='ltr'>Epist.</span> <span class='ocrx_word' id='word_1_319' title='bbox 1620 889 1700 946; x_wconf 85' lang='lat' dir='ltr'>lib.l.</span> <span class='ocrx_word' id='word_1_320' title='bbox 1718 909 1747 964; x_wconf 84' lang='lat' dir='ltr'>p·</span> <span class='ocrx_word' id='word_1_321' title='bbox 1763 891 1821 950; x_wconf 79' lang='lat'>171.</span> <span class='ocrx_word' id='word_1_322' title='bbox 1846 890 1902 962; x_wconf 78' lang='lat' dir='ltr'>(ed.</span> <span class='ocrx_word' id='word_1_323' title='bbox 1917 887 2008 944; x_wconf 75' lang='lat' dir='ltr'>Lont.</span> <span class='ocrx_word' id='word_1_324' title='bbox 2024 887 2107 947; x_wconf 73' lang='lat' dir='ltr'>lib-l·</span> 
     </span>
    </p>
   </div>
   <div class='ocr_carea' id='block_1_15' title="bbox 1142 1081 2145 1188">
    <p class='ocr_par' dir='ltr' id='par_1_15' title="bbox 1142 1081 2145 1188">
     <span class='ocr_line' id='line_1_55' title="bbox 1142 1081 2145 1188; baseline -0.004 -24"><span class='ocrx_word' id='word_1_325' title='bbox 1142 1088 1179 1164; x_wconf 85' lang='grc' dir='ltr'><em>Τ</em></span> <span class='ocrx_word' id='word_1_326' title='bbox 1183 1085 1345 1164; x_wconf 73' lang='lat' dir='ltr'>homae</span> <span class='ocrx_word' id='word_1_327' title='bbox 1371 1087 1557 1188; x_wconf 78' lang='lat' dir='ltr'>Episcopo</span> <span class='ocrx_word' id='word_1_328' title='bbox 1583 1081 1852 1164; x_wconf 77' lang='lat' dir='ltr'>Cantauriensi</span> <span class='ocrx_word' id='word_1_329' title='bbox 1875 1089 1915 1161; x_wconf 85' lang='lat' dir='ltr'>iss</span> <span class='ocrx_word' id='word_1_330' title='bbox 1938 1085 2081 1186; x_wconf 78' lang='lat' dir='ltr'>Anglia</span> <span class='ocrx_word' id='word_1_331' title='bbox 2141 1122 2145 1128; x_wconf 90' lang='lat'><em>·</em></span> 
     </span>
    </p>
   </div>
   <div class='ocr_carea' id='block_1_16' title="bbox 1115 1222 2109 2244">
    <p class='ocr_par' dir='ltr' id='par_1_16' title="bbox 1115 1222 2109 2244">
     <span class='ocr_line' id='line_1_56' title="bbox 1115 1222 2108 1337; baseline 0 -25"><span class='ocrx_word' id='word_1_332' title='bbox 1115 1222 1159 1312; x_wconf 84' lang='lat' dir='ltr'>S·</span> <span class='ocrx_word' id='word_1_333' title='bbox 1186 1239 1233 1314; x_wconf 90' lang='lat' dir='ltr'>D.</span> <span class='ocrx_word' id='word_1_334' title='bbox 1289 1239 1498 1314; x_wconf 89' lang='lat' dir='ltr'>Reverende</span> <span class='ocrx_word' id='word_1_335' title='bbox 1527 1245 1692 1328; x_wconf 89' lang='lat' dir='ltr'>domine,</span> <span class='ocrx_word' id='word_1_336' title='bbox 1731 1245 1844 1315; x_wconf 90' lang='lat' dir='ltr'>literis</span> <span class='ocrx_word' id='word_1_337' title='bbox 1874 1265 1962 1337; x_wconf 88' lang='lat' dir='ltr'>quas</span> <span class='ocrx_word' id='word_1_338' title='bbox 1987 1237 2108 1312; x_wconf 84' lang='lat' dir='ltr'>Ionos</span> 
     </span>
     <span class='ocr_line' id='line_1_57' title="bbox 1115 1341 2108 1438; baseline 0.002 -27"><span class='ocrx_word' id='word_1_339' title='bbox 1115 1343 1209 1412; x_wconf 88' lang='lat' dir='ltr'>lilius</span> <span class='ocrx_word' id='word_1_340' title='bbox 1233 1345 1277 1412; x_wconf 91' lang='lat' dir='ltr'>dc</span> <span class='ocrx_word' id='word_1_341' title='bbox 1294 1365 1455 1414; x_wconf 89' lang='lat' dir='ltr'>sermone</span> <span class='ocrx_word' id='word_1_342' title='bbox 1478 1361 1539 1416; x_wconf 91' lang='lat' dir='ltr'>tuo</span> <span class='ocrx_word' id='word_1_343' title='bbox 1557 1341 1646 1414; x_wconf 91' lang='lat' dir='ltr'>mihi</span> <span class='ocrx_word' id='word_1_344' title='bbox 1664 1347 1822 1438; x_wconf 89' lang='lat' dir='ltr'>scripsit,</span> <span class='ocrx_word' id='word_1_345' title='bbox 1846 1357 1927 1414; x_wconf 90' lang='lat' dir='ltr'>ante</span> <span class='ocrx_word' id='word_1_346' title='bbox 1950 1367 2108 1414; x_wconf 90' lang='lat' dir='ltr'>mensem</span> 
     </span>
     <span class='ocr_line' id='line_1_58' title="bbox 1115 1443 2108 1536; baseline 0.001 -22"><span class='ocrx_word' id='word_1_347' title='bbox 1115 1445 1295 1536; x_wconf 87' lang='lat' dir='ltr'>respondi.</span> <span class='ocrx_word' id='word_1_348' title='bbox 1346 1443 1428 1534; x_wconf 88' lang='lat' dir='ltr'>Quo</span> <span class='ocrx_word' id='word_1_349' title='bbox 1445 1447 1579 1517; x_wconf 90' lang='lat' dir='ltr'>diutius</span> <span class='ocrx_word' id='word_1_350' title='bbox 1601 1462 1717 1517; x_wconf 90' lang='lat' dir='ltr'>autem</span> <span class='ocrx_word' id='word_1_351' title='bbox 1742 1450 1785 1516; x_wconf 91' lang='lat' dir='ltr'>de</span> <span class='ocrx_word' id='word_1_352' title='bbox 1802 1457 1915 1534; x_wconf 85' lang='lat' dir='ltr'>vestra</span> <span class='ocrx_word' id='word_1_353' title='bbox 1931 1446 2108 1516; x_wconf 91' lang='lat' dir='ltr'>delibera·</span> 
     </span>
     <span class='ocr_line' id='line_1_59' title="bbox 1115 1545 2108 1640; baseline -0.001 -24"><span class='ocrx_word' id='word_1_354' title='bbox 1115 1545 1231 1631; x_wconf 83' lang='lat' dir='ltr'>tione,</span> <span class='ocrx_word' id='word_1_355' title='bbox 1256 1570 1325 1637; x_wconf 88' lang='lat' dir='ltr'>qua</span> <span class='ocrx_word' id='word_1_356' title='bbox 1340 1547 1438 1616; x_wconf 92' lang='lat' dir='ltr'>nulla</span> <span class='ocrx_word' id='word_1_357' title='bbox 1456 1548 1598 1636; x_wconf 86' lang='lat' dir='ltr'>gravior</span> <span class='ocrx_word' id='word_1_358' title='bbox 1611 1564 1645 1618; x_wconf 92' lang='lat' dir='ltr'>et</span> <span class='ocrx_word' id='word_1_359' title='bbox 1660 1549 1770 1640; x_wconf 93' lang='lat' dir='ltr'>magis</span> <span class='ocrx_word' id='word_1_360' title='bbox 1785 1547 1979 1619; x_wconf 83' lang='lat' dir='ltr'>necessaria</span> <span class='ocrx_word' id='word_1_361' title='bbox 1992 1547 2031 1614; x_wconf 90' lang='lat' dir='ltr'>in</span> <span class='ocrx_word' id='word_1_362' title='bbox 2048 1567 2108 1634; x_wconf 81' lang='lat' dir='ltr'>ge-</span> 
     </span>
     <span class='ocr_line' id='line_1_60' title="bbox 1116 1641 2109 1742; baseline 0 -27"><span class='ocrx_word' id='word_1_363' title='bbox 1116 1671 1200 1716; x_wconf 90' lang='lat' dir='ltr'>nere</span> <span class='ocrx_word' id='word_1_364' title='bbox 1224 1641 1379 1718; x_wconf 90' lang='lat' dir='ltr'>humano</span> <span class='ocrx_word' id='word_1_365' title='bbox 1399 1648 1537 1720; x_wconf 90' lang='lat' dir='ltr'>institui</span> <span class='ocrx_word' id='word_1_366' title='bbox 1559 1663 1693 1742; x_wconf 89' lang='lat' dir='ltr'>potest,</span> <span class='ocrx_word' id='word_1_367' title='bbox 1718 1650 1851 1740; x_wconf 88' lang='lat' dir='ltr'>cogito,</span> <span class='ocrx_word' id='word_1_368' title='bbox 1875 1671 1916 1718; x_wconf 89' lang='lat' dir='ltr'>eo</span> <span class='ocrx_word' id='word_1_369' title='bbox 1941 1648 2051 1737; x_wconf 88' lang='lat' dir='ltr'>magis</span> <span class='ocrx_word' id='word_1_370' title='bbox 2074 1661 2109 1716; x_wconf 91' lang='lat' dir='ltr'>et</span> 
     </span>
     <span class='ocr_line' id='line_1_61' title="bbox 1117 1745 2109 1839; baseline -0.002 -22"><span class='ocrx_word' id='word_1_371' title='bbox 1117 1762 1222 1839; x_wconf 89' lang='lat' dir='ltr'>opto,</span> <span class='ocrx_word' id='word_1_372' title='bbox 1249 1761 1282 1816; x_wconf 91' lang='lat' dir='ltr'>et</span> <span class='ocrx_word' id='word_1_373' title='bbox 1303 1773 1366 1818; x_wconf 89' lang='lat' dir='ltr'>vos</span> <span class='ocrx_word' id='word_1_374' title='bbox 1381 1745 1623 1820; x_wconf 89' lang='lat' dir='ltr'>adhortandos</span> <span class='ocrx_word' id='word_1_375' title='bbox 1646 1775 1719 1820; x_wconf 90' lang='lat' dir='ltr'>esse</span> <span class='ocrx_word' id='word_1_376' title='bbox 1735 1773 1878 1835; x_wconf 88' lang='lat' dir='ltr'>censeo,</span> <span class='ocrx_word' id='word_1_377' title='bbox 1901 1762 1943 1820; x_wconf 90' lang='lat' dir='ltr'>ut</span> <span class='ocrx_word' id='word_1_378' title='bbox 1965 1751 2009 1818; x_wconf 92' lang='lat' dir='ltr'>de</span> <span class='ocrx_word' id='word_1_379' title='bbox 2025 1748 2109 1818; x_wconf 89' lang='lat' dir='ltr'>uui·</span> 
     </span>
     <span class='ocr_line' id='line_1_62' title="bbox 1115 1851 2107 1942; baseline -0.002 -24"><span class='ocrx_word' id='word_1_380' title='bbox 1115 1873 1217 1918; x_wconf 88' lang='lat' dir='ltr'>verso</span> <span class='ocrx_word' id='word_1_381' title='bbox 1234 1851 1415 1920; x_wconf 91' lang='lat' dir='ltr'>doctrinae</span> <span class='ocrx_word' id='word_1_382' title='bbox 1432 1875 1578 1942; x_wconf 90' lang='lat' dir='ltr'>corpore</span> <span class='ocrx_word' id='word_1_383' title='bbox 1593 1853 1702 1922; x_wconf 90' lang='lat' dir='ltr'>edatis</span> <span class='ocrx_word' id='word_1_384' title='bbox 1717 1852 1974 1922; x_wconf 88' lang='lat' dir='ltr'>confessionem</span> <span class='ocrx_word' id='word_1_385' title='bbox 1986 1871 2107 1919; x_wconf 87' lang='lat' dir='ltr'>veram</span> 
     </span>
     <span class='ocr_line' id='line_1_63' title="bbox 1117 1952 2109 2044; baseline 0.001 -26"><span class='ocrx_word' id='word_1_386' title='bbox 1117 1964 1152 2018; x_wconf 89' lang='lat' dir='ltr'>et</span> <span class='ocrx_word' id='word_1_387' title='bbox 1167 1952 1407 2042; x_wconf 87' lang='lat' dir='ltr'>perspicuam,</span> <span class='ocrx_word' id='word_1_388' title='bbox 1435 1953 1571 2022; x_wconf 90' lang='lat' dir='ltr'>collatis</span> <span class='ocrx_word' id='word_1_389' title='bbox 1593 1953 1733 2022; x_wconf 89' lang='lat' dir='ltr'>iudiciis</span> <span class='ocrx_word' id='word_1_390' title='bbox 1750 1952 1994 2036; x_wconf 86' lang='lat' dir='ltr'>cruditorum,</span> <span class='ocrx_word' id='word_1_391' title='bbox 2018 1973 2109 2044; x_wconf 89' lang='lat' dir='ltr'>quo-</span> 
     </span>
     <span class='ocr_line' id='line_1_64' title="bbox 1117 2051 2109 2148; baseline 0 -29"><span class='ocrx_word' id='word_1_392' title='bbox 1117 2076 1198 2120; x_wconf 89' lang='lat' dir='ltr'>rum</span> <span class='ocrx_word' id='word_1_393' title='bbox 1221 2065 1256 2120; x_wconf 90' lang='lat' dir='ltr'>et</span> <span class='ocrx_word' id='word_1_394' title='bbox 1270 2051 1414 2121; x_wconf 88' lang='lat' dir='ltr'>nomina</span> <span class='ocrx_word' id='word_1_395' title='bbox 1431 2055 1694 2140; x_wconf 89' lang='lat' dir='ltr'>adscribantur,</span> <span class='ocrx_word' id='word_1_396' title='bbox 1720 2065 1761 2124; x_wconf 89' lang='lat' dir='ltr'>ut</span> <span class='ocrx_word' id='word_1_397' title='bbox 1776 2054 1869 2148; x_wconf 87' lang='lat' dir='ltr'>apud</span> <span class='ocrx_word' id='word_1_398' title='bbox 1885 2075 2008 2121; x_wconf 92' lang='lat' dir='ltr'>omnes</span> <span class='ocrx_word' id='word_1_399' title='bbox 2022 2073 2109 2140; x_wconf 87' lang='lat' dir='ltr'>gen-</span> 
     </span>
     <span class='ocr_line' id='line_1_65' title="bbox 1116 2151 2108 2244; baseline -0.003 -22"><span class='ocrx_word' id='word_1_400' title='bbox 1116 2167 1168 2222; x_wconf 89' lang='lat' dir='ltr'>tes</span> <span class='ocrx_word' id='word_1_401' title='bbox 1195 2167 1286 2222; x_wconf 84' lang='lat' dir='ltr'>extet</span> <span class='ocrx_word' id='word_1_402' title='bbox 1313 2152 1451 2223; x_wconf 84' lang='lat' dir='ltr'>illustre</span> <span class='ocrx_word' id='word_1_403' title='bbox 1479 2156 1719 2224; x_wconf 90' lang='lat' dir='ltr'>testimonium</span> <span class='ocrx_word' id='word_1_404' title='bbox 1749 2157 1793 2223; x_wconf 92' lang='lat' dir='ltr'>de</span> <span class='ocrx_word' id='word_1_405' title='bbox 1820 2155 1980 2223; x_wconf 88' lang='lat' dir='ltr'>doctrina</span> <span class='ocrx_word' id='word_1_406' title='bbox 2010 2151 2108 2244; x_wconf 88' lang='lat' dir='ltr'>gravi</span> 
     </span>
    </p>
   </div>
   <div class='ocr_carea' id='block_1_17' title="bbox 1057 2247 2110 2348">
    <p class='ocr_par' dir='ltr' id='par_1_17' title="bbox 1057 2247 2110 2348">
     <span class='ocr_line' id='line_1_66' title="bbox 1057 2247 2110 2348; baseline -0.001 -26"><span class='ocrx_word' id='word_1_407' title='bbox 1057 2305 1065 2322; x_wconf 91' lang='lat'>.</span> <span class='ocrx_word' id='word_1_408' title='bbox 1117 2255 1306 2323; x_wconf 87' lang='lat' dir='ltr'>autoritate</span> <span class='ocrx_word' id='word_1_409' title='bbox 1328 2254 1516 2340; x_wconf 87' lang='lat' dir='ltr'>traditum,</span> <span class='ocrx_word' id='word_1_410' title='bbox 1540 2269 1573 2326; x_wconf 89' lang='lat' dir='ltr'>et</span> <span class='ocrx_word' id='word_1_411' title='bbox 1594 2269 1635 2325; x_wconf 89' lang='lat' dir='ltr'>ut</span> <span class='ocrx_word' id='word_1_412' title='bbox 1658 2256 1842 2348; x_wconf 89' lang='lat' dir='ltr'>posteritas</span> <span class='ocrx_word' id='word_1_413' title='bbox 1863 2269 2026 2323; x_wconf 87' lang='lat' dir='ltr'>normam</span> <span class='ocrx_word' id='word_1_414' title='bbox 2044 2247 2110 2321; x_wconf 91' lang='lat' dir='ltr'>ha·</span> 
     </span>
    </p>
   </div>
   <div class='ocr_carea' id='block_1_18' title="bbox 1117 2353 2111 3355">
    <p class='ocr_par' dir='ltr' id='par_1_18' title="bbox 1117 2353 2111 3355">
     <span class='ocr_line' id='line_1_67' title="bbox 1117 2353 2110 2448; baseline -0.002 -26"><span class='ocrx_word' id='word_1_415' title='bbox 1117 2357 1215 2438; x_wconf 90' lang='lat' dir='ltr'>beat,</span> <span class='ocrx_word' id='word_1_416' title='bbox 1242 2377 1346 2446; x_wconf 90' lang='lat' dir='ltr'>quam</span> <span class='ocrx_word' id='word_1_417' title='bbox 1364 2369 1541 2448; x_wconf 88' lang='lat' dir='ltr'>sequatur.</span> <span class='ocrx_word' id='word_1_418' title='bbox 1591 2353 1663 2426; x_wconf 89' lang='lat' dir='ltr'>Nec</span> <span class='ocrx_word' id='word_1_419' title='bbox 1678 2381 1763 2425; x_wconf 90' lang='lat' dir='ltr'>vero</span> <span class='ocrx_word' id='word_1_420' title='bbox 1785 2356 1938 2426; x_wconf 89' lang='lat' dir='ltr'>multum</span> <span class='ocrx_word' id='word_1_421' title='bbox 1954 2353 2110 2424; x_wconf 88' lang='lat' dir='ltr'>dissimi-</span> 
     </span>
     <span class='ocr_line' id='line_1_68' title="bbox 1117 2455 2110 2546; baseline 0.001 -23"><span class='ocrx_word' id='word_1_422' title='bbox 1117 2456 1161 2523; x_wconf 91' lang='lat' dir='ltr'>lis</span> <span class='ocrx_word' id='word_1_423' title='bbox 1193 2477 1233 2524; x_wconf 90' lang='lat' dir='ltr'>ea</span> <span class='ocrx_word' id='word_1_424' title='bbox 1260 2455 1432 2524; x_wconf 83' lang='lat' dir='ltr'>confessio</span> <span class='ocrx_word' id='word_1_425' title='bbox 1458 2471 1597 2525; x_wconf 88' lang='lat' dir='ltr'>nostrae</span> <span class='ocrx_word' id='word_1_426' title='bbox 1623 2458 1689 2526; x_wconf 87' lang='lat' dir='ltr'>erit</span> <span class='ocrx_word' id='word_1_427' title='bbox 1714 2459 1851 2539; x_wconf 84' lang='lat' dir='ltr'>sutura,</span> <span class='ocrx_word' id='word_1_428' title='bbox 1886 2458 1948 2525; x_wconf 90' lang='lat' dir='ltr'>sed</span> <span class='ocrx_word' id='word_1_429' title='bbox 1979 2473 2110 2546; x_wconf 89' lang='lat' dir='ltr'>paucos</span> 
     </span>
     <span class='ocr_line' id='line_1_69' title="bbox 1118 2555 2109 2650; baseline -0.003 -25"><span class='ocrx_word' id='word_1_430' title='bbox 1118 2557 1288 2650; x_wconf 90' lang='lat' dir='ltr'>quosdam</span> <span class='ocrx_word' id='word_1_431' title='bbox 1320 2555 1487 2626; x_wconf 89' lang='lat' dir='ltr'>articulos</span> <span class='ocrx_word' id='word_1_432' title='bbox 1517 2557 1624 2626; x_wconf 81' lang='lat' dir='ltr'>velim</span> <span class='ocrx_word' id='word_1_433' title='bbox 1649 2569 1766 2627; x_wconf 87' lang='lat' dir='ltr'>extare</span> <span class='ocrx_word' id='word_1_434' title='bbox 1794 2559 1838 2627; x_wconf 86' lang='lat' dir='ltr'>ad</span> <span class='ocrx_word' id='word_1_435' title='bbox 1872 2557 2109 2648; x_wconf 87' lang='lat' dir='ltr'>posteritatem</span> 
     </span>
     <span class='ocr_line' id='line_1_70' title="bbox 1118 2654 2110 2748; baseline -0.001 -24"><span class='ocrx_word' id='word_1_436' title='bbox 1118 2655 1228 2746; x_wconf 90' lang='lat' dir='ltr'>magis</span> <span class='ocrx_word' id='word_1_437' title='bbox 1252 2657 1460 2748; x_wconf 87' lang='lat' dir='ltr'>explicatos,</span> <span class='ocrx_word' id='word_1_438' title='bbox 1480 2680 1526 2726; x_wconf 90' lang='lat' dir='ltr'>ne</span> <span class='ocrx_word' id='word_1_439' title='bbox 1545 2658 1790 2748; x_wconf 84' lang='lat' dir='ltr'>ambiguitates</span> <span class='ocrx_word' id='word_1_440' title='bbox 1812 2672 1932 2748; x_wconf 91' lang='lat' dir='ltr'>postea</span> <span class='ocrx_word' id='word_1_441' title='bbox 1954 2654 2110 2726; x_wconf 83' lang='lat' dir='ltr'>occasio·</span> 
     </span>
     <span class='ocr_line' id='line_1_71' title="bbox 1117 2746 2111 2848; baseline -0.004 -21"><span class='ocrx_word' id='word_1_442' title='bbox 1117 2781 1199 2827; x_wconf 90' lang='lat' dir='ltr'>nem</span> <span class='ocrx_word' id='word_1_443' title='bbox 1218 2759 1407 2848; x_wconf 91' lang='lat' dir='ltr'>praebeant</span> <span class='ocrx_word' id='word_1_444' title='bbox 1421 2758 1525 2827; x_wconf 90' lang='lat' dir='ltr'>novis</span> <span class='ocrx_word' id='word_1_445' title='bbox 1541 2759 1707 2833; x_wconf 87' lang='lat' dir='ltr'>dissidiis.</span> <span class='ocrx_word' id='word_1_446' title='bbox 1757 2757 1863 2828; x_wconf 86' lang='lat' dir='ltr'>Nunc</span> <span class='ocrx_word' id='word_1_447' title='bbox 1883 2771 1920 2829; x_wconf 94' lang='lat' dir='ltr'>et</span> <span class='ocrx_word' id='word_1_448' title='bbox 1934 2781 1954 2826; x_wconf 94' lang='lat' dir='ltr'>a</span> <span class='ocrx_word' id='word_1_449' title='bbox 1968 2746 2111 2827; x_wconf 85' lang='lat' dir='ltr'>Corolo</span> 
     </span>
     <span class='ocr_line' id='line_1_72' title="bbox 1119 2856 2109 2950; baseline -0.004 -20"><span class='ocrx_word' id='word_1_450' title='bbox 1119 2857 1334 2950; x_wconf 88' lang='lat' dir='ltr'>Imperatore</span> <span class='ocrx_word' id='word_1_451' title='bbox 1359 2861 1537 2949; x_wconf 89' lang='lat' dir='ltr'>proposita</span> <span class='ocrx_word' id='word_1_452' title='bbox 1561 2873 1612 2930; x_wconf 91' lang='lat' dir='ltr'>est</span> <span class='ocrx_word' id='word_1_453' title='bbox 1634 2860 1829 2930; x_wconf 89' lang='lat' dir='ltr'>moderatio</span> <span class='ocrx_word' id='word_1_454' title='bbox 1852 2856 2109 2930; x_wconf 87' lang='lat' dir='ltr'>controversia·</span> 
     </span>
     <span class='ocr_line' id='line_1_73' title="bbox 1117 2959 2111 3054; baseline -0.003 -25"><span class='ocrx_word' id='word_1_455' title='bbox 1117 2983 1218 3044; x_wconf 91' lang='lat' dir='ltr'>rum,</span> <span class='ocrx_word' id='word_1_456' title='bbox 1243 2983 1350 3051; x_wconf 77' lang='lat' dir='ltr'>qrsam</span> <span class='ocrx_word' id='word_1_457' title='bbox 1372 2960 1528 3028; x_wconf 80' lang='lat' dir='ltr'>fortassis</span> <span class='ocrx_word' id='word_1_458' title='bbox 1551 2962 1709 3031; x_wconf 87' lang='lat' dir='ltr'>editurus</span> <span class='ocrx_word' id='word_1_459' title='bbox 1736 2974 1807 3044; x_wconf 89' lang='lat' dir='ltr'>est,</span> <span class='ocrx_word' id='word_1_460' title='bbox 1834 2962 1893 3030; x_wconf 89' lang='lat' dir='ltr'>sed</span> <span class='ocrx_word' id='word_1_461' title='bbox 1917 2959 1999 3054; x_wconf 84' lang='lat' dir='ltr'>quia</span> <span class='ocrx_word' id='word_1_462' title='bbox 2023 2981 2111 3028; x_wconf 95' lang='lat' dir='ltr'>con-</span> 
     </span>
     <span class='ocr_line' id='line_1_74' title="bbox 1118 3056 2110 3155; baseline -0.001 -27"><span class='ocrx_word' id='word_1_463' title='bbox 1118 3061 1263 3152; x_wconf 84' lang='lat' dir='ltr'>iungere</span> <span class='ocrx_word' id='word_1_464' title='bbox 1284 3060 1493 3132; x_wconf 89' lang='lat' dir='ltr'>dissidentes</span> <span class='ocrx_word' id='word_1_465' title='bbox 1514 3077 1683 3149; x_wconf 91' lang='lat' dir='ltr'>conatur,</span> <span class='ocrx_word' id='word_1_466' title='bbox 1710 3063 1817 3155; x_wconf 88' lang='lat' dir='ltr'>idque</span> <span class='ocrx_word' id='word_1_467' title='bbox 1839 3061 2010 3138; x_wconf 82' lang='lat' dir='ltr'>eomodo</span> <span class='ocrx_word' id='word_1_468' title='bbox 2032 3056 2110 3128; x_wconf 85' lang='lat' dir='ltr'>lieri</span> 
     </span>
     <span class='ocr_line' id='line_1_75' title="bbox 1118 3158 2110 3256; baseline -0.003 -26"><span class='ocrx_word' id='word_1_469' title='bbox 1118 3184 1219 3254; x_wconf 90' lang='lat' dir='ltr'>posse</span> <span class='ocrx_word' id='word_1_470' title='bbox 1246 3162 1439 3246; x_wconf 80' lang='lat' dir='ltr'>existimat,</span> <span class='ocrx_word' id='word_1_471' title='bbox 1473 3164 1585 3252; x_wconf 88' lang='lat' dir='ltr'>posita</span> <span class='ocrx_word' id='word_1_472' title='bbox 1610 3163 1727 3256; x_wconf 87' lang='lat' dir='ltr'>aliqua</span> <span class='ocrx_word' id='word_1_473' title='bbox 1749 3161 1905 3252; x_wconf 82' lang='lat' dir='ltr'>generali</span> <span class='ocrx_word' id='word_1_474' title='bbox 1925 3158 2110 3242; x_wconf 88' lang='lat' dir='ltr'>sententia,</span> 
     </span>
     <span class='ocr_line' id='line_1_76' title="bbox 1117 3260 2109 3355; baseline -0.003 -24"><span class='ocrx_word' id='word_1_475' title='bbox 1117 3287 1223 3355; x_wconf 88' lang='lat' dir='ltr'>quam</span> <span class='ocrx_word' id='word_1_476' title='bbox 1241 3285 1344 3330; x_wconf 91' lang='lat' dir='ltr'>nemo</span> <span class='ocrx_word' id='word_1_477' title='bbox 1368 3277 1513 3355; x_wconf 89' lang='lat' dir='ltr'>propter</span> <span class='ocrx_word' id='word_1_478' title='bbox 1535 3265 1799 3355; x_wconf 90' lang='lat' dir='ltr'>generalitatem</span> <span class='ocrx_word' id='word_1_479' title='bbox 1822 3261 1967 3332; x_wconf 87' lang='lat' dir='ltr'>reiicere</span> <span class='ocrx_word' id='word_1_480' title='bbox 1988 3260 2109 3354; x_wconf 80' lang='lat' dir='ltr'>possit,</span> 
     </span>
    </p>
   </div>
   <div class='ocr_carea' id='block_1_19' title="bbox 1040 3357 2109 3456">
    <p class='ocr_par' dir='ltr' id='par_1_19' title="bbox 1040 3357 2109 3456">
     <span class='ocr_line' id='line_1_77' title="bbox 1040 3357 2109 3456; baseline -0.005 -22"><span class='ocrx_word' id='word_1_481' title='bbox 1040 3419 1049 3434; x_wconf 93' lang='lat'>.</span> <span class='ocrx_word' id='word_1_482' title='bbox 1117 3357 1310 3432; x_wconf 87' lang='lat' dir='ltr'>cothurnos</span> <span class='ocrx_word' id='word_1_483' title='bbox 1331 3363 1431 3442; x_wconf 81' lang='lat' dir='ltr'>iacit,</span> <span class='ocrx_word' id='word_1_484' title='bbox 1465 3364 1528 3456; x_wconf 88' lang='lat' dir='ltr'>qui</span> <span class='ocrx_word' id='word_1_485' title='bbox 1548 3389 1659 3434; x_wconf 92' lang='lat' dir='ltr'>novas</span> <span class='ocrx_word' id='word_1_486' title='bbox 1683 3362 1877 3434; x_wconf 89' lang='lat' dir='ltr'>discordias</span> <span class='ocrx_word' id='word_1_487' title='bbox 1899 3363 2109 3444; x_wconf 83' lang='lat' dir='ltr'>excitabunt,</span> 
     </span>
    </p>
   </div>
   <div class='ocr_carea' id='block_1_20' title="bbox 1113 3459 2111 4162">
    <p class='ocr_par' dir='ltr' id='par_1_20' title="bbox 1113 3459 2111 4162">
     <span class='ocr_line' id='line_1_78' title="bbox 1117 3459 2111 3557; baseline 0.004 -25"><span class='ocrx_word' id='word_1_488' title='bbox 1117 3476 1150 3532; x_wconf 91' lang='lat' dir='ltr'>et</span> <span class='ocrx_word' id='word_1_489' title='bbox 1165 3465 1336 3557; x_wconf 84' lang='lat' dir='ltr'>quaedam</span> <span class='ocrx_word' id='word_1_490' title='bbox 1353 3463 1477 3534; x_wconf 83' lang='lat' dir='ltr'>intexit</span> <span class='ocrx_word' id='word_1_491' title='bbox 1493 3467 1739 3536; x_wconf 82' lang='lat' dir='ltr'>confirmatura</span> <span class='ocrx_word' id='word_1_492' title='bbox 1756 3467 1896 3535; x_wconf 92' lang='lat' dir='ltr'>abusus.</span> <span class='ocrx_word' id='word_1_493' title='bbox 1929 3461 1972 3534; x_wconf 88' lang='lat' dir='ltr'>ln</span> <span class='ocrx_word' id='word_1_494' title='bbox 1986 3459 2111 3536; x_wconf 82' lang='lat' dir='ltr'>Eccle-</span> 
     </span>
     <span class='ocr_line' id='line_1_79' title="bbox 1116 3561 2108 3659; baseline 0.006 -27"><span class='ocrx_word' id='word_1_495' title='bbox 1116 3565 1166 3634; x_wconf 87' lang='lat' dir='ltr'>sia</span> <span class='ocrx_word' id='word_1_496' title='bbox 1181 3565 1310 3634; x_wconf 91' lang='lat' dir='ltr'>rectius</span> <span class='ocrx_word' id='word_1_497' title='bbox 1325 3577 1394 3650; x_wconf 90' lang='lat' dir='ltr'>est,</span> <span class='ocrx_word' id='word_1_498' title='bbox 1417 3561 1594 3657; x_wconf 91' lang='lat' dir='ltr'>scapham,</span> <span class='ocrx_word' id='word_1_499' title='bbox 1620 3561 1783 3659; x_wconf 91' lang='lat' dir='ltr'>scapham</span> <span class='ocrx_word' id='word_1_500' title='bbox 1799 3567 1934 3653; x_wconf 89' lang='lat' dir='ltr'>dicere,</span> <span class='ocrx_word' id='word_1_501' title='bbox 1960 3591 2026 3639; x_wconf 92' lang='lat' dir='ltr'>nec</span> <span class='ocrx_word' id='word_1_502' title='bbox 2041 3568 2108 3638; x_wconf 90' lang='lat' dir='ltr'>ob·</span> 
     </span>
     <span class='ocr_line' id='line_1_80' title="bbox 1115 3665 2109 3754; baseline 0.008 -24"><span class='ocrx_word' id='word_1_503' title='bbox 1115 3688 1220 3732; x_wconf 89' lang='lat' dir='ltr'>ucere</span> <span class='ocrx_word' id='word_1_504' title='bbox 1237 3665 1385 3754; x_wconf 89' lang='lat' dir='ltr'>posteris</span> <span class='ocrx_word' id='word_1_505' title='bbox 1400 3665 1566 3754; x_wconf 81' lang='lat' dir='ltr'>ambigua</span> <span class='ocrx_word' id='word_1_506' title='bbox 1581 3668 1688 3748; x_wconf 91' lang='lat' dir='ltr'>dicta,</span> <span class='ocrx_word' id='word_1_507' title='bbox 1713 3681 1755 3740; x_wconf 92' lang='lat' dir='ltr'>ut</span> <span class='ocrx_word' id='word_1_508' title='bbox 1768 3667 1806 3743; x_wconf 87' lang='lat' dir='ltr'>in</span> <span class='ocrx_word' id='word_1_509' title='bbox 1822 3667 1953 3738; x_wconf 82' lang='lat' dir='ltr'>fabulis</span> <span class='ocrx_word' id='word_1_510' title='bbox 1967 3669 2109 3752; x_wconf 89' lang='lat' dir='ltr'>dicitur,</span> 
     </span>
     <span class='ocr_line' id='line_1_81' title="bbox 1115 3759 2107 3856; baseline 0.009 -24"><span class='ocrx_word' id='word_1_511' title='bbox 1115 3788 1260 3856; x_wconf 89' lang='lat' dir='ltr'>pomum</span> <span class='ocrx_word' id='word_1_512' title='bbox 1288 3759 1408 3856; x_wconf 73' lang='grc' dir='ltr'>ἔριδος</span> <span class='ocrx_word' id='word_1_513' title='bbox 1435 3765 1613 3837; x_wconf 91' lang='lat' dir='ltr'>obiectum</span> <span class='ocrx_word' id='word_1_514' title='bbox 1637 3791 1709 3837; x_wconf 89' lang='lat' dir='ltr'>esse</span> <span class='ocrx_word' id='word_1_515' title='bbox 1731 3770 1863 3840; x_wconf 90' lang='lat' dir='ltr'>deabus</span> <span class='ocrx_word' id='word_1_516' title='bbox 1884 3768 1923 3837; x_wconf 90' lang='lat' dir='ltr'>in</span> <span class='ocrx_word' id='word_1_517' title='bbox 1943 3769 2107 3840; x_wconf 88' lang='lat' dir='ltr'>convivio</span> 
     </span>
     <span class='ocr_line' id='line_1_82' title="bbox 1114 3859 2108 3940; baseline 0.004 -6"><span class='ocrx_word' id='word_1_518' title='bbox 1114 3864 1329 3934; x_wconf 86' lang='lat' dir='ltr'>sedentibus.</span> <span class='ocrx_word' id='word_1_519' title='bbox 1380 3863 1420 3936; x_wconf 87' lang='lat' dir='ltr'>Si</span> <span class='ocrx_word' id='word_1_520' title='bbox 1436 3865 1473 3935; x_wconf 92' lang='lat' dir='ltr'>in</span> <span class='ocrx_word' id='word_1_521' title='bbox 1493 3859 1699 3938; x_wconf 80' lang='lat' dir='ltr'>Germania</span> <span class='ocrx_word' id='word_1_522' title='bbox 1716 3882 1915 3939; x_wconf 90' lang='lat' dir='ltr'>nostrarum</span> <span class='ocrx_word' id='word_1_523' title='bbox 1930 3865 2108 3940; x_wconf 85' lang='lat' dir='ltr'>Ecclesia-</span> 
     </span>
     <span class='ocr_line' id='line_1_83' title="bbox 1115 3964 2105 4057; baseline 0.009 -24"><span class='ocrx_word' id='word_1_524' title='bbox 1115 3990 1194 4033; x_wconf 89' lang='lat' dir='ltr'>rum</span> <span class='ocrx_word' id='word_1_525' title='bbox 1212 3987 1403 4034; x_wconf 90' lang='lat' dir='ltr'>consensus</span> <span class='ocrx_word' id='word_1_526' title='bbox 1418 3966 1554 4057; x_wconf 87' lang='lat' dir='ltr'>integer</span> <span class='ocrx_word' id='word_1_527' title='bbox 1568 3969 1702 4054; x_wconf 81' lang='lat' dir='ltr'>fuisset,</span> <span class='ocrx_word' id='word_1_528' title='bbox 1726 3970 1764 4038; x_wconf 90' lang='lat' dir='ltr'>in</span> <span class='ocrx_word' id='word_1_529' title='bbox 1780 3964 1845 4040; x_wconf 86' lang='lat' dir='ltr'>has</span> <span class='ocrx_word' id='word_1_530' title='bbox 1860 3969 2018 4040; x_wconf 87' lang='lat' dir='ltr'>miserias</span> <span class='ocrx_word' id='word_1_531' title='bbox 2033 3995 2105 4042; x_wconf 85' lang='lat' dir='ltr'>non</span> 
     </span>
     <span class='ocr_line' id='line_1_84' title="bbox 1113 4065 2107 4162; baseline 0.006 -29"><span class='ocrx_word' id='word_1_532' title='bbox 1113 4065 1371 4140; x_wconf 89' lang='lat' dir='ltr'>incidissemus.</span> <span class='ocrx_word' id='word_1_533' title='bbox 1423 4065 1640 4162; x_wconf 88' lang='lat' dir='ltr'>Magnopere</span> <span class='ocrx_word' id='word_1_534' title='bbox 1655 4069 1765 4158; x_wconf 89' lang='lat' dir='ltr'>igitur</span> <span class='ocrx_word' id='word_1_535' title='bbox 1781 4084 1814 4140; x_wconf 90' lang='lat' dir='ltr'>te</span> <span class='ocrx_word' id='word_1_536' title='bbox 1832 4065 1970 4158; x_wconf 82' lang='lat' dir='ltr'>hortor,</span> <span class='ocrx_word' id='word_1_537' title='bbox 1993 4085 2035 4143; x_wconf 90' lang='lat' dir='ltr'>ut</span> <span class='ocrx_word' id='word_1_538' title='bbox 2049 4072 2107 4140; x_wconf 88' lang='lat' dir='ltr'>in-</span> 
     </span>
    </p>
   </div>
   <div class='ocr_carea' id='block_1_21' title="bbox 67 4161 2106 4314">
    <p class='ocr_par' dir='ltr' id='par_1_21' title="bbox 67 4161 2106 4314">
     <span class='ocr_line' id='line_1_85' title="bbox 67 4161 2106 4314; baseline -0.017 -20"><span class='ocrx_word' id='word_1_539' title='bbox 67 4249 109 4294; x_wconf 81' lang='lat' dir='ltr'>ex</span> <span class='ocrx_word' id='word_1_540' title='bbox 127 4221 204 4294; x_wconf 91' lang='lat' dir='ltr'>Deo</span> <span class='ocrx_word' id='word_1_541' title='bbox 227 4248 300 4294; x_wconf 93' lang='lat' dir='ltr'>non</span> <span class='ocrx_word' id='word_1_542' title='bbox 317 4225 548 4314; x_wconf 90' lang='lat' dir='ltr'>dissolvetur,</span> <span class='ocrx_word' id='word_1_543' title='bbox 575 4225 680 4296; x_wconf 89' lang='lat' dir='ltr'>etiam</span> <span class='ocrx_word' id='word_1_544' title='bbox 705 4227 736 4295; x_wconf 92' lang='lat' dir='ltr'>si</span> <span class='ocrx_word' id='word_1_545' title='bbox 752 4229 888 4300; x_wconf 76' lang='lat' dir='ltr'>durio-r</span> <span class='ocrx_word' id='word_1_546' title='bbox 906 4226 1064 4296; x_wconf 88' lang='lat' dir='ltr'>concuti·</span> <span class='ocrx_word' id='word_1_547' title='bbox 1114 4169 1258 4288; x_wconf 51' lang='grc' dir='ltr'>ΨΜ</span> <span class='ocrx_word' id='word_1_548' title='bbox 1280 4167 1317 4236; x_wconf 58' lang='lat' dir='ltr'>in</span> <span class='ocrx_word' id='word_1_549' title='bbox 1339 4161 1431 4237; x_wconf 63' lang='lat' dir='ltr'>hm</span> <span class='ocrx_word' id='word_1_550' title='bbox 1447 4193 1566 4240; x_wconf 55' lang='lat' dir='ltr'><strong>emam</strong></span> <span class='ocrx_word' id='word_1_551' title='bbox 1585 4183 1619 4240; x_wconf 65' lang='lat' dir='ltr'>‘t</span> <span class='ocrx_word' id='word_1_552' title='bbox 1633 4171 1904 4262; x_wconf 65' lang='lat' dir='ltr'>⁰⁰3l¹³¹l⁰¹¹²ffls</span> <span class='ocrx_word' id='word_1_553' title='bbox 1929 4167 2106 4244; x_wconf 60' lang='lat' dir='ltr'>ufflccle·</span> 
     </span>
    </p>
   </div>
   <div class='ocr_carea' id='block_1_22' title="bbox 1114 4269 2105 4354">
    <p class='ocr_par' dir='ltr' id='par_1_22' title="bbox 1114 4269 2105 4354">
     <span class='ocr_line' id='line_1_86' title="bbox 1114 4269 2105 4354; baseline 0.006 -17"><span class='ocrx_word' id='word_1_554' title='bbox 1114 4270 1175 4337; x_wconf 85' lang='lat' dir='ltr'>sris</span> <span class='ocrx_word' id='word_1_555' title='bbox 1190 4292 1271 4338; x_wconf 89' lang='lat' dir='ltr'>vere</span> <span class='ocrx_word' id='word_1_556' title='bbox 1285 4269 1501 4354; x_wconf 86' lang='lat' dir='ltr'>consulatur.</span> <span class='ocrx_word' id='word_1_557' title='bbox 1543 4269 1582 4342; x_wconf 91' lang='lat' dir='ltr'>Si</span> <span class='ocrx_word' id='word_1_558' title='bbox 1598 4295 1715 4342; x_wconf 88' lang='lat' dir='ltr'>meum</span> <span class='ocrx_word' id='word_1_559' title='bbox 1733 4271 1903 4344; x_wconf 89' lang='lat' dir='ltr'>iudicium</span> <span class='ocrx_word' id='word_1_560' title='bbox 1921 4297 1961 4342; x_wconf 89' lang='lat' dir='ltr'>ac</span> <span class='ocrx_word' id='word_1_561' title='bbox 1978 4273 2105 4345; x_wconf 82' lang='lat' dir='ltr'>suffra-</span> 
     </span>
    </p>
   </div>
   <div class='ocr_carea' id='block_1_23' title="bbox 1036 4369 2105 4462">
    <p class='ocr_par' dir='ltr' id='par_1_23' title="bbox 1036 4369 2105 4462">
     <span class='ocr_line' id='line_1_87' title="bbox 1036 4369 2105 4462; baseline 0.002 -21"><span class='ocrx_word' id='word_1_562' title='bbox 1036 4429 1044 4448; x_wconf 88' lang='lat'>.</span> <span class='ocrx_word' id='word_1_563' title='bbox 1114 4370 1211 4459; x_wconf 85' lang='lat' dir='ltr'>gium</span> <span class='ocrx_word' id='word_1_564' title='bbox 1231 4369 1336 4440; x_wconf 85' lang='lat' dir='ltr'>etiam</span> <span class='ocrx_word' id='word_1_565' title='bbox 1365 4371 1586 4462; x_wconf 84' lang='lat' dir='ltr'>flagitabitis,</span> <span class='ocrx_word' id='word_1_566' title='bbox 1615 4373 1769 4443; x_wconf 89' lang='lat' dir='ltr'>libenter</span> <span class='ocrx_word' id='word_1_567' title='bbox 1797 4388 1831 4445; x_wconf 91' lang='lat' dir='ltr'>et</span> <span class='ocrx_word' id='word_1_568' title='bbox 1851 4373 1994 4446; x_wconf 91' lang='lat' dir='ltr'>audiam</span> <span class='ocrx_word' id='word_1_569' title='bbox 2018 4375 2105 4444; x_wconf 86' lang='lat' dir='ltr'>alios</span> 
     </span>
    </p>
   </div>
   <div class='ocr_carea' id='block_1_24' title="bbox 1112 4471 2105 5473">
    <p class='ocr_par' dir='ltr' id='par_1_24' title="bbox 1112 4471 2105 4967">
     <span class='ocr_line' id='line_1_88' title="bbox 1113 4471 2105 4566; baseline 0.004 -25"><span class='ocrx_word' id='word_1_570' title='bbox 1113 4473 1235 4542; x_wconf 90' lang='lat' dir='ltr'>doctos</span> <span class='ocrx_word' id='word_1_571' title='bbox 1258 4471 1374 4556; x_wconf 89' lang='lat' dir='ltr'>viros,</span> <span class='ocrx_word' id='word_1_572' title='bbox 1400 4487 1433 4542; x_wconf 91' lang='lat' dir='ltr'>et</span> <span class='ocrx_word' id='word_1_573' title='bbox 1456 4474 1570 4543; x_wconf 92' lang='lat' dir='ltr'>dicam</span> <span class='ocrx_word' id='word_1_574' title='bbox 1596 4475 1670 4566; x_wconf 91' lang='lat' dir='ltr'>ipse</span> <span class='ocrx_word' id='word_1_575' title='bbox 1686 4475 1897 4544; x_wconf 88' lang='lat' dir='ltr'>sententiam</span> <span class='ocrx_word' id='word_1_576' title='bbox 1915 4500 1994 4546; x_wconf 91' lang='lat' dir='ltr'>meo</span> <span class='ocrx_word' id='word_1_577' title='bbox 2016 4475 2105 4559; x_wconf 88' lang='lat' dir='ltr'>loco,</span> 
     </span>
     <span class='ocr_line' id='line_1_89' title="bbox 1113 4569 2103 4668; baseline 0.008 -27"><span class='ocrx_word' id='word_1_578' title='bbox 1113 4585 1149 4642; x_wconf 91' lang='lat' dir='ltr'>et</span> <span class='ocrx_word' id='word_1_579' title='bbox 1177 4573 1370 4645; x_wconf 89' lang='lat' dir='ltr'>sententiae</span> <span class='ocrx_word' id='word_1_580' title='bbox 1394 4597 1513 4643; x_wconf 90' lang='lat' dir='ltr'>causas</span> <span class='ocrx_word' id='word_1_581' title='bbox 1541 4577 1747 4656; x_wconf 88' lang='lat' dir='ltr'>ostendam,</span> <span class='ocrx_word' id='word_1_582' title='bbox 1776 4571 1822 4644; x_wconf 78' lang='lat' dir='ltr'>sd</span> <span class='ocrx_word' id='word_1_583' title='bbox 1847 4569 1920 4668; x_wconf 65' lang='lat' dir='ltr'>pir</span> <span class='ocrx_word' id='word_1_584' title='bbox 1944 4569 2103 4662; x_wconf 78' lang='grc' dir='ltr'><em>πείθων,</em></span> 
     </span>
     <span class='ocr_line' id='line_1_90' title="bbox 1112 4664 2105 4769; baseline 0.002 -25"><span class='ocrx_word' id='word_1_585' title='bbox 1112 4666 1203 4745; x_wconf 78' lang='grc' dir='ltr'>τάδε</span> <span class='ocrx_word' id='word_1_586' title='bbox 1224 4664 1464 4766; x_wconf 79' lang='grc' dir='ltr'>πειθόμενος,</span> <span class='ocrx_word' id='word_1_587' title='bbox 1500 4689 1539 4746; x_wconf 96' lang='lat' dir='ltr'>ut</span> <span class='ocrx_word' id='word_1_588' title='bbox 1565 4677 1663 4748; x_wconf 90' lang='lat' dir='ltr'>decet</span> <span class='ocrx_word' id='word_1_589' title='bbox 1687 4675 1725 4745; x_wconf 89' lang='lat' dir='ltr'>in</span> <span class='ocrx_word' id='word_1_590' title='bbox 1748 4675 1927 4768; x_wconf 87' lang='lat' dir='ltr'>colloquio</span> <span class='ocrx_word' id='word_1_591' title='bbox 1952 4677 2105 4769; x_wconf 89' lang='lat' dir='ltr'>piorum.</span> 
     </span>
     <span class='ocr_line' id='line_1_91' title="bbox 1114 4770 2105 4873; baseline 0.009 -35"><span class='ocrx_word' id='word_1_592' title='bbox 1114 4770 1268 4846; x_wconf 88' lang='lat' dir='ltr'>Vincant</span> <span class='ocrx_word' id='word_1_593' title='bbox 1282 4789 1399 4844; x_wconf 90' lang='lat' dir='ltr'>autem</span> <span class='ocrx_word' id='word_1_594' title='bbox 1415 4799 1553 4873; x_wconf 89' lang='lat' dir='ltr'>semper</span> <span class='ocrx_word' id='word_1_595' title='bbox 1568 4776 1707 4861; x_wconf 89' lang='lat' dir='ltr'>veritas,</span> <span class='ocrx_word' id='word_1_596' title='bbox 1731 4775 1842 4866; x_wconf 90' lang='lat' dir='ltr'>gloria</span> <span class='ocrx_word' id='word_1_597' title='bbox 1858 4773 1939 4864; x_wconf 86' lang='lat' dir='ltr'>Dei,</span> <span class='ocrx_word' id='word_1_598' title='bbox 1962 4791 1997 4849; x_wconf 88' lang='lat' dir='ltr'>et</span> <span class='ocrx_word' id='word_1_599' title='bbox 2011 4778 2105 4848; x_wconf 85' lang='lat' dir='ltr'>salus</span> 
     </span>
     <span class='ocr_line' id='line_1_92' title="bbox 1112 4869 1813 4967; baseline 0.006 -21"><span class='ocrx_word' id='word_1_600' title='bbox 1112 4869 1309 4960; x_wconf 84' lang='lat' dir='ltr'>Ecclesiae,</span> <span class='ocrx_word' id='word_1_601' title='bbox 1337 4901 1409 4951; x_wconf 83' lang='lat' dir='ltr'>non</span> <span class='ocrx_word' id='word_1_602' title='bbox 1428 4877 1556 4967; x_wconf 88' lang='lat' dir='ltr'>privati</span> <span class='ocrx_word' id='word_1_603' title='bbox 1573 4877 1717 4948; x_wconf 83' lang='lat' dir='ltr'>affectus</span> <span class='ocrx_word' id='word_1_604' title='bbox 1734 4876 1813 4950; x_wconf 91' lang='lat' dir='ltr'>ulli.</span> 
     </span>
    </p>

    <p class='ocr_par' dir='ltr' id='par_1_25' title="bbox 1112 4969 2105 5473">
     <span class='ocr_line' id='line_1_93' title="bbox 1158 4969 2104 5073; baseline 0 -25"><span class='ocrx_word' id='word_1_605' title='bbox 1158 5051 1179 5073; x_wconf 46' lang='grc' dir='ltr'>Ν</span> <span class='ocrx_word' id='word_1_606' title='bbox 1214 4973 1317 5048; x_wconf 90' lang='lat' dir='ltr'>Hanc</span> <span class='ocrx_word' id='word_1_607' title='bbox 1340 4973 1538 5068; x_wconf 85' lang='lat' dir='ltr'>Epistolam</span> <span class='ocrx_word' id='word_1_608' title='bbox 1565 4977 1649 5047; x_wconf 91' lang='lat' dir='ltr'>dedi</span> <span class='ocrx_word' id='word_1_609' title='bbox 1673 4973 1837 5048; x_wconf 82' lang='lat' dir='ltr'>Eusebio</span> <span class='ocrx_word' id='word_1_610' title='bbox 1857 4969 2006 5066; x_wconf 74' lang='lat' dir='ltr'>lelanto,</span> <span class='ocrx_word' id='word_1_611' title='bbox 2031 4979 2104 5049; x_wconf 84' lang='lat' dir='ltr'>filio</span> 
     </span>
     <span class='ocr_line' id='line_1_94' title="bbox 1112 5053 2105 5194; baseline 0.006 -50"><span class='ocrx_word' id='word_1_612' title='bbox 1112 5053 1216 5145; x_wconf 79' lang='lat' dir='ltr'>lis&#39;sti</span> <span class='ocrx_word' id='word_1_613' title='bbox 1237 5069 1378 5160; x_wconf 81' lang='lat' dir='ltr'>Menis‘,</span> <span class='ocrx_word' id='word_1_614' title='bbox 1404 5077 1467 5194; x_wconf 75' lang='lat' dir='ltr'>ppi</span> <span class='ocrx_word' id='word_1_615' title='bbox 1488 5073 1663 5148; x_wconf 88' lang='lat' dir='ltr'>Ecclesias</span> <span class='ocrx_word' id='word_1_616' title='bbox 1689 5080 1726 5150; x_wconf 88' lang='lat' dir='ltr'>in</span> <span class='ocrx_word' id='word_1_617' title='bbox 1750 5079 1886 5150; x_wconf 90' lang='lat' dir='ltr'>ditione</span> <span class='ocrx_word' id='word_1_618' title='bbox 1907 5077 2018 5152; x_wconf 84' lang='lat' dir='ltr'>Ducis</span> <span class='ocrx_word' id='word_1_619' title='bbox 2039 5079 2105 5153; x_wconf 88' lang='lat' dir='ltr'>Sa-</span> 
     </span>
     <span class='ocr_line' id='line_1_95' title="bbox 1112 5167 2104 5271; baseline 0.002 -25"><span class='ocrx_word' id='word_1_620' title='bbox 1112 5177 1239 5246; x_wconf 85' lang='lat' dir='ltr'>soniae</span> <span class='ocrx_word' id='word_1_621' title='bbox 1260 5171 1450 5247; x_wconf 75' lang='lat' dir='ltr'>Iohannes</span> <span class='ocrx_word' id='word_1_622' title='bbox 1471 5167 1662 5248; x_wconf 78' lang='lat' dir='ltr'>Fridsrs&#39;cs&#39;</span> <span class='ocrx_word' id='word_1_623' title='bbox 1679 5181 1819 5271; x_wconf 85' lang='lat' dir='ltr'>diupie</span> <span class='ocrx_word' id='word_1_624' title='bbox 1841 5180 1950 5266; x_wconf 82' lang='lat' dir='ltr'>rexit,</span> <span class='ocrx_word' id='word_1_625' title='bbox 1983 5195 2018 5252; x_wconf 90' lang='lat' dir='ltr'>et</span> <span class='ocrx_word' id='word_1_626' title='bbox 2039 5183 2104 5251; x_wconf 78' lang='lat' dir='ltr'>asl—</span> 
     </span>
     <span class='ocr_line' id='line_1_96' title="bbox 1112 5271 2102 5370; baseline 0.005 -25"><span class='ocrx_word' id='word_1_627' title='bbox 1112 5271 1182 5348; x_wconf 94' lang='lat' dir='ltr'>buc</span> <span class='ocrx_word' id='word_1_628' title='bbox 1199 5280 1297 5369; x_wconf 87' lang='lat' dir='ltr'>regit,</span> <span class='ocrx_word' id='word_1_629' title='bbox 1320 5294 1355 5351; x_wconf 90' lang='lat' dir='ltr'>et</span> <span class='ocrx_word' id='word_1_630' title='bbox 1365 5278 1543 5370; x_wconf 87' lang='lat' dir='ltr'>praeclare</span> <span class='ocrx_word' id='word_1_631' title='bbox 1557 5282 1682 5350; x_wconf 88' lang='lat' dir='ltr'>doctus</span> <span class='ocrx_word' id='word_1_632' title='bbox 1697 5294 1748 5352; x_wconf 92' lang='lat' dir='ltr'>est</span> <span class='ocrx_word' id='word_1_633' title='bbox 1763 5281 1800 5350; x_wconf 92' lang='lat' dir='ltr'>in</span> <span class='ocrx_word' id='word_1_634' title='bbox 1814 5281 1954 5352; x_wconf 83' lang='lat' dir='ltr'>coelesti</span> <span class='ocrx_word' id='word_1_635' title='bbox 1970 5283 2102 5352; x_wconf 91' lang='lat' dir='ltr'>doctri-</span> 
     </span>
     <span class='ocr_line' id='line_1_97' title="bbox 1112 5373 2103 5473; baseline 0.006 -27"><span class='ocrx_word' id='word_1_636' title='bbox 1112 5400 1158 5448; x_wconf 89' lang='lat' dir='ltr'>na</span> <span class='ocrx_word' id='word_1_637' title='bbox 1180 5391 1215 5448; x_wconf 93' lang='lat' dir='ltr'>et</span> <span class='ocrx_word' id='word_1_638' title='bbox 1230 5373 1480 5471; x_wconf 82' lang='lat' dir='ltr'>Philosophia,</span> <span class='ocrx_word' id='word_1_639' title='bbox 1506 5392 1541 5451; x_wconf 90' lang='lat' dir='ltr'>ct</span> <span class='ocrx_word' id='word_1_640' title='bbox 1560 5381 1673 5452; x_wconf 90' lang='lat' dir='ltr'>multa</span> <span class='ocrx_word' id='word_1_641' title='bbox 1694 5379 1837 5473; x_wconf 86' lang='lat' dir='ltr'>scripsit</span> <span class='ocrx_word' id='word_1_642' title='bbox 1857 5381 1961 5454; x_wconf 87' lang='lat' dir='ltr'>utilia</span> <span class='ocrx_word' id='word_1_643' title='bbox 1981 5377 2103 5454; x_wconf 64' lang='lat' dir='ltr'>Ficole-</span> 
     </span>
    </p>
   </div>
   <div class='ocr_carea' id='block_1_25' title="bbox 1111 5475 2106 5577">
    <p class='ocr_par' dir='ltr' id='par_1_26' title="bbox 1111 5475 2106 5577">
     <span class='ocr_line' id='line_1_98' title="bbox 1111 5475 2106 5577; baseline 0.01 -30"><span class='ocrx_word' id='word_1_644' title='bbox 1111 5477 1195 5564; x_wconf 89' lang='lat' dir='ltr'>siae,</span> <span class='ocrx_word' id='word_1_645' title='bbox 1217 5503 1367 5577; x_wconf 85' lang='lat' dir='ltr'>cumque</span> <span class='ocrx_word' id='word_1_646' title='bbox 1384 5479 1549 5551; x_wconf 85' lang='lat' dir='ltr'>viciniam</span> <span class='ocrx_word' id='word_1_647' title='bbox 1568 5475 1731 5568; x_wconf 85' lang='lat' dir='ltr'>babebat,</span> <span class='ocrx_word' id='word_1_648' title='bbox 1752 5481 1791 5551; x_wconf 92' lang='lat' dir='ltr'>in</span> <span class='ocrx_word' id='word_1_649' title='bbox 1805 5503 1875 5576; x_wconf 85' lang='lat' dir='ltr'>qua</span> <span class='ocrx_word' id='word_1_650' title='bbox 1890 5481 1995 5556; x_wconf 86' lang='lat' dir='ltr'>multi</span> <span class='ocrx_word' id='word_1_651' title='bbox 2008 5483 2106 5557; x_wconf 79' lang='lat' dir='ltr'>idola</span> 
     </span>
    </p>
   </div>
   <div class='ocr_carea' id='block_1_26' title="bbox 0 0 2394 6258">
    <p class='ocr_par' dir='ltr' id='par_1_27' title="bbox 0 0 2394 6258">
     <span class='ocr_line' id='line_1_99' title="bbox 0 0 2394 6258; baseline 0 1"><span class='ocrx_word' id='word_1_652' title='bbox 0 0 2394 6258; x_wconf 95' lang='lat' dir='ltr'> </span> 
     </span>
    </p>
   </div>
  </div>
 </body>
</html>
