4778 6258
96 345 143 420 55
451 293 460 300 ’
689 337 1124 420 5555555555
1175 340 1282 426 555.
1308 345 1356 426 u
1409 345 1542 428 5555.
2084 345 2135 424 55

99 524 163 592 1555
178 541 264 592 suae
279 520 438 612 ipsomm
452 519 564 612 partis
579 516 713 592 abiecta
727 530 792 593 est.
841 515 1011 591 Recitant
1025 539 1092 587 no·
1144 519 1292 592 domum
1314 521 1461 594 reducat
1483 519 1690 592 incolumes.
1741 518 1850 596 Mitto
1874 520 1977 596 vobis
2002 537 2037 596 et
2056 521 2136 593 aliis

98 618 834 696 1555555οωὶ5551551555155555551555555555
857 635 892 693 et
906 614 1094 709 theologo-
1142 623 1266 694 amicis
1286 624 1477 715 pagellam,
1502 623 1744 694 continentem
1758 617 2000 698 Pannonicas
2020 621 2136 696 histo-

99 749 189 799 mm.
241 723 402 809 Docent,
426 724 555 816 impios
574 746 610 793 55
630 745 732 815 posse
750 745 964 814 praeparare
986 721 1092 792 bonis
1140 724 1249 795 riolas
1273 721 1499 798 abhonestis
1513 725 1601 796 viris
1624 726 1790 818 scriptas,
1815 752 1969 820 quorum
1986 727 2135 818 integri-

99 828 266 920 operibus
281 828 327 898 ad
342 826 584 919 accipiendam
599 825 747 916 gratiam
762 848 833 919 qua
846 823 1093 897 iustificantur.
1141 839 1194 896 tas
1210 841 1245 898 et
1258 826 1343 898 fides
1357 828 1463 898 nobis
1485 841 1569 898 nota
1586 842 1648 900 est.
1698 825 1753 898 De
1768 821 1943 898 Romani
1957 828 2135 922 pontificis

98 927 252 1016 Dicunt,
273 929 314 999 in
336 928 480 998 ecclesia
493 921 630 997 Christi
652 928 860 996 mandatum
879 948 972 1010 esse,
996 926 1093 1018 quod
1140 923 1320 1024 morte²),
1339 942 1374 1004 et
1393 929 1473 1000 aliis
1494 931 1600 1000 rebus
1622 951 1709 1023 quas
1723 928 1947 1021 significatis,
1973 927 2032 1002 hic
2053 945 2134 1001 ante

58 1039 62 1052 '
99 1031 142 1103 sit
164 1033 298 1124 duplex
319 1030 454 1100 iustitia
468 1022 526 1122 *),
557 1027 640 1099 fidei
662 1043 697 1100 et
719 1051 878 1121 operum.
938 1023 1094 1098 Concio·
1140 1027 1273 1101 vestras
1296 1031 1434 1117 literas,
1467 1026 1562 1101 nihil
1584 1031 1795 1105 audivimus.
1855 1031 1925 1105 Sed
1951 1033 2044 1106 intra
2067 1032 2134 1102 tri·
2257 1071 2262 1079 ·

98 1147 239 1206 uantur
260 1131 365 1204 nohis
393 1155 469 1202 non
499 1133 613 1200 levem
635 1153 791 1201 errorem
812 1130 963 1214 sentire,
996 1129 1091 1224 quod
1140 1129 1253 1202 duum
1274 1157 1377 1223 spero
1394 1156 1459 1202 nos
1475 1127 1660 1204 habituros
1674 1156 1694 1202 a
1709 1128 1892 1204 Danubii
1909 1135 1987 1226 ripa
2011 1135 2133 1204 litera-

98 1234 197 1307 Deus
220 1236 370 1328 imputet
391 1228 532 1304 homini
554 1235 650 1326 quod
672 1226 899 1318 nonhabet,
920 1243 955 1302 et
970 1253 1094 1323 pecca·
1139 1256 1219 1304 5555
1237 1233 1431 1309 volumina.
1453 1233 1712 1308 Honestissima
1726 1248 1888 1306 matrona
1903 1235 2058 1306 coniunx
2072 1259 2133 1302 ve-

99 1353 196 1422 tum,
222 1339 320 1432 quod
337 1331 461 1422 hahet,
485 1358 561 1406 non
583 1335 744 1425 imputet.
797 1331 973 1422 Iudicium
996 1333 1091 1402 enirn
1139 1349 1229 1422 stra,
1254 1335 1366 1407 mittit
1384 1337 1701 1420 medicamentum,
1732 1339 1829 1430 quod
1851 1337 2013 1430 petiistis.
2061 1333 2133 1404 Be-

98 1437 164 1510 Dei
182 1452 372 1512 estcontra
388 1439 584 1510 veritatem.
634 1433 799 1530 Denique
819 1459 904 1506 cum
923 1433 1091 1506 articulus
1139 1462 1184 1509 ne
1199 1451 1234 1510 et
1249 1437 1398 1508 feliciter
1415 1439 1539 1512 valete.
1590 1437 1734 1512 Die18.
1754 1437 1953 1510 Februarii.

98 1545 140 1612 515
164 1541 415 1614 iustificatione
437 1540 477 1610 in
499 1537 718 1610 confessione
743 1551 864 1608 nostra
883 1536 1098 1628 simpliciter.
1849 1543 1852 1554 '

98 1645 300 1736 propositus
315 1643 379 1727 sit,
404 1642 470 1733 ipsi
488 1640 599 1726 inscio
619 1639 695 1732 ipso
712 1640 861 1711 articulo
883 1640 1003 1732 plures
1018 1637 1090 1706 1555

99 1769 238 1818 errores
258 1745 363 1817 nobis
378 1744 668 1838 obiiciuntquam
684 1741 854 1814 articulus
869 1741 989 1812 verbis
1004 1763 1090 1810 con·
1149 1798 1182 1870 N
1233 1761 1333 1871 338'9

99 1863 174 1923 stat.
228 1846 307 1918 Hae
330 1860 412 1917 suut
431 1867 556 1916 suaves
576 1843 659 1914 illae
677 1845 883 1930 conciones,
909 1865 996 1938 quas
1021 1837 1091 1910 hoc
1141 1825 1354 1936 ,ξω

100 1965 259 2044 tempore
274 1950 399 2020 audire
419 1949 597 2038 cogimur,
623 1970 688 2017 uec
703 1947 849 2029 dubito,
873 1946 980 2038 quin,
1005 1943 1035 2012 si
1051 1957 1090 2015 tu
1487 1987 1509 2090 (
1519 1981 1739 2068 Studiosis
1763 1985 1786 2095 )

102 2055 137 2124 in
158 2053 299 2143 angulo
315 2050 508 2122 invisibilis
532 2052 687 2133 sederes,
712 2061 747 2119 et
769 2047 911 2118 audires
935 2061 1008 2117 tam
1023 2046 1092 2114 im·
1259 2129 1267 2144 ⁶
1743 2045 1752 2068 ⁸

104 2159 175 2248 pias
198 2178 303 2225 voces
324 2165 358 2224 55
380 2151 587 2236 conciones,
620 2175 694 2221 non
718 2151 834 2221 solum
857 2163 892 2219 55
912 2149 1093 2219 misereret
1207 2129 1314 2204 311111ἃ
1331 2133 1407 2206 publ.
1426 2134 1447 2190 ¹·
1465 2153 1494 2205 P·
1514 2135 1596 2190 ¹⁴⁹³·

103 2257 234 2344 nostri,
259 2255 319 2326 sed
337 2256 444 2325 etiam
458 2251 649 2372 mirareris,
673 2255 788 2346 quod,
803 2275 894 2370 'cum
906 2253 1011 2342 pedes
1027 2244 1095 2319 ha·
1280 2276 1447 2381 Philipp·
1459 2279 1656 2359 Melanch.
1679 2283 1788 2382 (Sta
1797 2283 1985 2379 (uasis.)

103 2362 247 2434 beamus
254 2409 266 2444 ,
295 2381 369 2430 555
393 2369 563 2426 continuo
588 2377 655 2424 nos
675 2378 695 2423 e
718 2355 835 2424 medio
854 2371 1093 2445 proucramus.

105 2461 224 2550 Qum
252 2457 512 2552 „pientissimo
537 2457 695 2548 profecto
729 2457 860 2526 factum
894 2469 975 2538 mr
995 2453 1092 2547 quod
1141 2392 1325 2509 Queritur
1341 2411 1578 2506 Theocritus,
1603 2416 1854 2491 suasCharites
1869 2443 1970 2512 saepe
1984 2425 2131 2492 domum

107 2557 309 2660 Philippus
332 2560 430 2632 domi
453 2583 473 2628 a
493 2559 596 2630 vobis
621 2570 778 2628 memus
799 2568 862 2630 est·
913 2554 1095 2646 Rogamus
1140 2519 1258 2589 redire
1282 2519 1398 2638 tristes
1422 2536 1456 2592 55
1479 2535 1682 2641 accusantes
1701 2523 1993 2614 ingratitudinem
2013 2521 2132 2594 homi·-

1067 2653 1076 2670 ·
1142 2622 1453 2714 num,dequ1bus
1469 2624 1559 2692 bene
1576 2637 1723 2694 55555555
1736 2623 1901 2712 fuerunt3
1929 2639 1963 2697 et
1978 2630 2133 2699 assidere

107 2681 222 2738 autem
248 2677 285 2734 55
310 2674 529 2746 reverenter,
560 2673 601 2730 ut
628 2660 727 2730 iuves
751 2681 818 2728 nos
838 2657 1001 2748 precibus
1024 2667 1095 2724 turs
1244 2722 1253 2738 ,
1643 2725 1652 2742 ,
1852 2727 1861 2743 ‚
1975 2730 1983 2745 ,

109 2769 197 2860 apud
221 2766 359 2849 Deum,
390 2777 524 2855 patrem
546 2761 685 2832 domini
714 2758 829 2832 nostri
850 2757 928 2828 lesu
951 2753 1096 2840 Christi,
1142 2723 1273 2792 ³¹c⁰¹¹⁸
1294 2736 1493 2841 gemenfes’
1517 2737 1551 2793 ‘t
1575 2739 1690 2816 ‘apua
1711 2747 1826 2817 Pr⁰¹¹³
1850 2750 1889 2795 ¹¹¹
1903 2730 2052 2817 gemm
2067 2755 2133 2850 p⁰.‘

1143 2837 1285 2909 nentes,
1309 2838 1349 2896 ut
1364 2825 1403 2897 fit
1419 2848 1457 2893 1n
1472 2847 1644 2898 moerore.
1687 2823 1787 2896 ldem
1801 2849 1903 2918 saepe
1918 2851 2014 2900 nunc
2028 2833 2134 2928 bonis

110 2871 203 2963 quod
226 2869 272 2938 ab
299 2861 356 2937 his
378 2863 510 2956 viperis
544 2875 578 2932 et
604 2885 687 2932 vere
709 2861 862 2932 diabolis
889 2861 1095 2930 liberemur.
1200 2926 1208 2942 ,
1296 2927 1305 2943 ,
1459 2925 1508 2943 ..
1638 2927 1678 2944 ..
1796 2911 1803 2930 ,
1886 2927 1892 2942 ,
1960 2929 1967 2946 Ι
2113 2929 2117 2938 p

108 2969 317 3056 Precamur,
342 2979 383 3038 ut
406 2965 503 3036 lesus
525 2959 690 3037 Christus
710 2975 825 3036 servet
844 2975 881 3034 te
899 2960 1097 3032 diutissime
1143 2927 1537 3018 8οη111011111330111111·
1593 2926 1697 2999 M¹⁵¹l
1728 2923 1798 2998 ¹¹⁰⁰
1828 2923 2010 3023 3113111113
2036 2955 2135 3022 ette-

108 3070 286 3144 Ecclesiae
318 3070 545 3140 incolumem.
617 3062 745 3141 Amen.
816 3062 873 3136 Ex
901 3061 1098 3137 Ratisbona
1144 3029 1238 3119 giam
1262 3027 1543 3099 ¹¹¹⁰¹¹bf³²i⁰¹¹⁹m
1566 3042 1857 3128 {fiumenmfflm
1888 3032 1928 3102 5¹¹
1949 3031 2135 3105 Lectiones

113 3176 168 3250 17·
186 3169 374 3246 Februarii
394 3166 502 3242 1546,
1146 3125 1376 3224 Evangelicas
1396 3131 1579 3206 festorum.
1630 3125 1709 3202 Oro
1734 3131 1861 3222 igitur,
1880 3147 1921 3203 ut
1941 3137 2087 3207 redeant
2102 3139 2136 3208 ei
2196 3223 2203 3232 ι

743 3267 846 3338 Tun,
869 3265 1050 3342 Bremia&
1102 3307 1108 3316 ,
1146 3228 1309 3303 Charites
1336 3227 1541 3316 hilariores,
1571 3245 1614 3304 ut
1637 3235 1774 3328 reliqua
1797 3235 1955 3326 exempla
1976 3235 2137 3309 Studiosi

1060 3347 1070 3354 ‘
1148 3347 1278 3407 555555.
1327 3331 1434 3418 Utilis
1449 3335 1553 3404 lectio
1571 3347 1639 3404 est:
1655 3348 1697 3405 55
1712 3330 1983 3427 honosingenio
1999 3337 2138 3430 Stigelii

1148 3431 1339 3520 habeatur,
1363 3436 1460 3528 quod
1485 3436 1641 3526 proiecto
1662 3451 1713 3508 555
1735 3438 1903 3507 eximium
1920 3438 1987 3508 Dei
2002 3441 2137 3514 donum

1149 3551 1183 3608 et
1199 3550 1447 3608 ornamentum
1462 3532 1570 3608 huius
1584 3540 1715 3609 aetatis.
1762 3535 1895 3631 Amplo
1911 3564 2058 3612 munere
2073 3546 2139 3614 do-

120 3641 317 3720 1158388.
675 3689 681 3698 ·
942 3646 996 3708 18-
1015 3639 1101 3700 Febr·
1149 3641 1290 3710 naudus
1310 3653 1400 3710 esset
1421 3639 1478 3709 vel
1504 3663 1569 3731 pro
1591 3635 1658 3710 hac
1682 3641 1755 3711 sola
1779 3643 1998 3731 precatione,
2030 3670 2138 3737 quam

116 3743 328 3778 *ἡ*
963 3727 1095 3754 ‘⁶⁹⁸
1148 3766 1263 3835 nuper
1283 3765 1324 3810 555
1348 3737 1475 3810 Esaia
1496 3741 1653 3812 carmine
1675 3733 1847 3817 reddidit
1891 3741 1960 3814 Die
1988 3744 2046 3820 18.
2070 3745 2139 3818 Fe-

456 3833 519 3916 M.
552 3831 756 3916 Laetera.
855 3821 859 3826 ’
1148 3843 1303 3930 amaris,
1329 3838 1437 3914 Anno
1456 3840 1566 3918 5555.

179 3995 268 4070 apsa.
282 3993 330 4050 55.
346 3991 435 4062 unp.
452 3987 512 4046 555.
532 3989 606 4059 (eas.
619 3987 706 4044 5555.
723 3988 770 4048 ru.
785 3988 834 4044 tu.
847 4005 890 4059 ep.
906 3985 977 4058 55).
1009 4023 1020 4040 ..

114 4147 325 4230 Reverendo
341 4149 438 4238 viro,
463 4141 683 4234 eruditione,
707 4145 836 4218 virtute
860 4155 892 4216 et
914 4143 1101 4240 sapientia

114 4255 321 4360 praestanti
356 4249 414 4324 D.
447 4245 664 4322 Martiae
697 4241 906 4319 Laetera
943 4244 1105 4319 Doctori
1149 4205 1368 4340 Q
1946 4217 2021 4298 (te.
2038 4217 2141 4300 Febr.)

1964 4309 2134 4338 Μ

116 4355 362 4456 Theologiae,
393 4350 644 4426 instauratori
667 4373 782 4447 purae
804 4346 1012 4444 Evangelii
1038 4345 1104 4419 do-
1365 4389 1588 4477 Iudicium
1623 4390 1772 4482 Theop
1804 4389 1948 4478 Vite&

286 4459 445 4543 ctrinae,
468 4453 575 4553 patri
588 4477 657 4524 suo
672 4447 936 4546 charissimo¹)

866 4590 875 4609 .
914 4590 923 4609 .
1024 4583 1029 4592 ·
1220 4556 1296 4624 Ι1115
1317 4553 1840 4639 5155155555.6555311Μ515515155151151.
1856 4555 1970 4624 orest,
1988 4558 2142 4632 inscriptis:

119 4589 160 4680 S.
182 4605 230 4682 D,
280 4596 490 4674 Reverende
505 4592 550 4667 D.
566 4591 700 4663 Doclor
723 4604 757 4661 et
777 4585 982 4662 chanssrme
995 4605 1105 4684 pater,
1254 4624 1565 4694 55555555555551151555
1586 4621 1726 4694 colloqun
1747 4625 1877 4691 6515551555
1899 4629 2142 4702 inopinatusque

119 4709 259 4781 Gratias
274 4700 377 4774 vobis
390 4720 454 4788 ago
471 4697 566 4790 quod
583 4694 703 4774 toties,
729 4707 870 4786 tamque
885 4707 1044 4765 amanter
1060 4697 1109 4766 ad'
1256 4695 1335 4777 5655.
1355 4695 1430 4749 1⁵⁴6·
1448 4721 1483 4774 ‘.
1525 4692 1572 4746 Ea
1593 4691 1725 4773 5555555555
1745 4693 1937 4777 stentogprpm
1964 4693 2141 4784 5555555355..

119 4835 181 4882 nos
213 4800 414 4898 scripsistis.
472 4794 578 4868 Nunc
607 4794 725 4867 Deum
753 4808 936 4866 aeternum
964 4793 1105 4868 Patrem
1155 4835 1201 4854 ν.
1254 4759 1919 4897 ἵζ’,ῗῇὃξζζ’312ἕζζξῗωῗᾚῗξῖῗδτᾏῗῇἓ*
1932 4773 1966 4886 :g
1980 4763 2142 4908 ἔεέἕξοᾞζ

118 4909 265 4986 Domini
287 4901 405 4976 nostri
423 4901 503 4972 Iesu
516 4893 650 4970 Christi
664 4919 827 4984 oramus,
850 4910 892 4969 ut
907 4919 969 4967 vos
983 4921 1106 4969 omnes
1253 4902 1281 4955 in
1297 4919 1349 4971 qua
1365 4910 1494 4982 parram,
1513 4898 1578 4982 puid
1600 4916 1685 4979 nsque
1705 4898 1738 4949 ad
1758 4897 1836 4952 illum
1857 4899 1928 4982 diepn
1948 4910 2038 4958 actum
2058 4907 2140 4962 sitin

588 4999 598 5008 ·
1253 4969 1406 5042 colloquio.
1441 4967 1587 5022 Nolusrnus
1601 4965 1670 5022 tllud
1687 4967 1835 5036 legatorum
1852 4977 1984 5041 scripturn
1994 4973 2064 5040 xsatis
2078 4994 2141 5032 ma.

119 5083 343 5110 ...---·-
1255 5057 1340 5121 pnum
1355 5037 1434 5106 dare,
1451 5047 1535 5108 quurrt
1555 5035 1614 5090 eius
1628 5045 1821 5106 argumentum
1841 5057 1870 5091 55
1884 5037 2082 5112 boarespooso
2096 5064 2141 5100 sa.

1253 5119 1286 5160 555
1322 5105 1535 5176 5551515555.-
1550 5102 1612 5158 Scri
1633 5111 1689 5156 turn
1704 5113 1743 5156 est
1757 5103 1812 5159 hoc
1824 5105 1955 5164 iudicium
1969 5105 2027 5163 sere
2042 5112 2140 5168 185551

152 5193 256 5268 mal
289 5191 346 5244 'tur
362 5180 392 5240 in
410 5184 472 5243 eorl.
484 5181 613 5248 Mansa,
631 5197 661 5235 er
672 5173 838 5250 compendio
850 5173 998 5230 scribendi.
1034 5173 1104 5230 Puto
1250 5175 1292 5230 19.
1329 5176 1404 5240 ebn,
1422 5185 1448 5227 55
1461 5172 1574 5244 epistola
1590 5171 1738 5241 Baeturia,
1756 5191 1809 5244 qua
1823 5176 1974 5230 secundum
1993 5178 2139 5238 15555555-

184 5267 262 5338 1232„
283 5279 329 5316 um
341 5273 413 5312 ως,
431 5251 539 5310 iustitia.
1107 5245 1110 5258 '
1251 5244 1363 5298 tentiam
1384 5243 1417 5298 ad
1438 5243 1572 5300 Maiorem
1593 5251 1620 5295 et
1643 5239 1778 5296 Zocbium
1798 5244 1953 5318 rescripsit,
1979 5247 2095 5308 51555555
2114 5255 2140 5309 d,

153 5357 178 5422 1)
195 5349 254 5404 llac
264 5341 377 5418 epistola
396 5335 543 5410 respondet
559 5331 720 5389 Melanthon
739 5331 868 5414 adeam,
892 5349 974 5400 quam
996 5328 1104 5401 scripsit
1250 5312 1296 5368 2⁰·
1311 5311 1391 5369 Febr·

186 5417 318 5474 1555155555
333 5413 361 5464 51.
371 5407 501 5464 terete
511 5403 586 5462 1546.
602 5413 629 5458 et
639 5421 720 5475 quarn
735 5401 875 5520 legrshlpp.
885 5399 965 5454 bath.
978 5398 1061 5452 Tam.
1070 5397 1103 5454 V.
1153 5439 1359 5458 ...-.-

186 5509 213 5561 p.
233 5485 295 5542 791.
335 5475 451 5552 Scripsit
468 5471 537 5530 Mel.
559 5471 656 5530 5551555
674 5470 732 5534 5115,
756 5487 811 5542 quo
852 5467 960 5526 otherus
977 5476 1102 5524 mortuus
1359 5507 1361 5512 .

185 5567 233 5618 ω,
1183 5533 1213 5601 2)
1230 5531 1325 5588 Falsus
1338 5539 1401 5677 md
1407 5544 1504 5642 pomos
1517 5525 1551 5581 515
1565 5535 1653 5582 morte
1667 5525 1764 5604 Papae.
