4744 6254
61 372 127 454 aas
636 339 1302 438 cusentinorum
1355 358 1486 439 1⁵47.
1694 304 1699 315 ’
1946 329 2094 439 ‘554

59 544 124 634 Ego
144 533 310 612 familiam
325 527 444 638 'meam
468 537 505 605 in
526 535 697 627 oppidum
712 527 929 606 Northuseu
946 527 1059 618 duxi„
1093 548 1225 604 ctorem
1248 525 1396 605 Iustum
1417 525 1574 620 Ionam,
1606 537 1706 607 cuins
1727 551 1760 608 et
1785 531 1939 608 eruditio
1967 551 1998 606 et
2022 537 2096 605 elo-

57 649 110 719 ubi
125 643 189 715 Dei
206 641 376 712 beneticio
394 639 585 708 mediocris
603 651 653 706 est
671 638 921 730 tranquillitas.
965 633 1059 706 Etsi
1092 639 1236 730 quentia
1265 652 1301 709 et
1324 639 1439 708 virtus
1462 651 1515 708 est
1535 638 1729 724 excellens,
1762 654 1796 710 et
1822 639 1995 710 senectuti
2020 638 2095 708 eius

59 752 189 838 longum
212 745 280 813 iter
297 742 473 832 suscipere
489 763 545 808 me
560 761 698 808 necesse
714 751 784 823 est,
812 754 928 808 tamen
945 752 1043 809 tanto
1092 739 1161 808 inm
1183 740 1421 834 tranquillitas
1445 741 1650 812 debebatur.
1701 739 1771 811 sea
1795 765 1876 810 enm
1899 738 2094 812 Ecclesiam

58 847 219 920 desiderio
239 835 446 912 nostrorum
473 842 685 924 amicorum,
718 841 880 934 quitum
904 839 943 909 in
968 841 1043 932 ipso
1091 839 1157 910 Dei
1172 841 1210 908 in
1220 838 1369 912 Salluis
1381 839 1564 912 Sasonicis
1578 842 1729 912 fideliter
1742 845 1960 932 gubernarit,
1987 843 2092 912 etiam

57 950 176 1042 oppido
200 945 411 1034 Viteberga,
444 957 519 1013 tum
549 943 587 1010 in
611 941 742 1011 vicinia
766 955 867 1025 sunt,
900 939 1044 1025 afficior,
1092 955 1172 1012 ante
1195 945 1328 1020 bellum
1352 943 1504 1014 incurrit
1520 945 1557 1012 in
1573 945 1694 1013 odium
1713 942 1852 1013 Turcae
1871 938 1928 1040 *),
1954 956 1987 1014 ct
2002 968 2092 1036 quo-

56 1066 90 1121 ut
109 1050 264 1118 nondum
289 1045 426 1134 ingredi
444 1045 518 1114 iter
539 1046 715 1135 potuerim
733 1036 783 1138 ¹³).
833 1042 919 1112 Misi
938 1043 1043 1112 etiam
1090 1045 1242 1114 rundam
1260 1043 1618 1118 Turcaeamicorum.
1670 1043 1802 1132 Quare,
1828 1045 2087 1114 eumnnnciu-

57 1150 213 1221 nuncium
236 1144 523 1233 Vittertbergam,
552 1155 594 1214 ut
623 1145 800 1236 explorem
826 1145 950 1236 oppidi
973 1157 1044 1214 sta·
1091 1146 1241 1230 dicaret,
1266 1169 1302 1215 se
1317 1147 1368 1215 ibi
1383 1171 1457 1215 non
1472 1147 1548 1215 sine
1564 1145 1722 1238 periculo
1738 1147 1899 1216 futurum
1915 1169 2005 1230 esse,
2026 1168 2090 1214 suo

56 1269 132 1323 tum.
183 1247 290 1318 Fama
315 1248 353 1316 in
368 1246 501 1316 Salinis
527 1247 570 1315 de
586 1231 779 1340 Cracigers'
795 1259 909 1315 morte
925 1269 1042 1338 sparsa
1091 1248 1239 1317 coneilio
1264 1249 1433 1320 discessit.
1483 1245 1573 1318 Cum
1592 1263 1708 1317 autern
1727 1247 1881 1318 Senatus
1896 1261 2010 1316 vester
2026 1269 2091 1314 an-

57 1368 116 1437 est,
141 1374 247 1444 quae,
274 1351 304 1418 si
320 1373 403 1418 vcra
420 1362 490 1432 est,
507 1347 581 1416 ¹etsi
599 1348 673 1438 ipsc
691 1352 814 1417 beatus
831 1361 899 1431 est,
924 1359 1043 1418 tamen
1090 1362 1144 1418 tea
1170 1373 1251 1418 eum
1271 1351 1314 1418 ad
1336 1350 1627 1438 gubernationem
1643 1347 1820 1418 Ecclesiae
1842 1362 1977 1418 vestrae
1996 1347 2090 1416 iuvi-

55 1451 220 1522 Eeclesiae
242 1464 277 1520 et
290 1463 409 1520 nostra
429 1453 531 1519 'causa
547 1449 661 1522 doleo.
714 1447 828 1517 Valde
843 1459 879 1518 te
895 1473 978 1532 oro,
1002 1463 1044 1518 ut
1090 1449 1190 1534 tarit,
1217 1451 1319 1536 duxi,
1345 1453 1390 1520 ad
1413 1465 1447 1522 tc
1471 1449 1698 1520 scribendum
1721 1473 1813 1534 esse,
1840 1463 1879 1519 ut
1897 1449 1963 1524 tibi
1979 1449 2090 1537 signi-

54 1556 265 1644 respondeas.
325 1550 540 1642 Quanquam
563 1564 680 1621 autem
706 1571 834 1638 magno
859 1549 898 1618 in
919 1548 1042 1618 dolore
1089 1551 1246 1636 bearem,
1279 1566 1313 1622 et
1335 1551 1448 1622 otium
1470 1553 1501 1620 ei
1526 1551 1990 1621 nunccsseetvoluntatem
2012 1549 2088 1618 eius

53 1669 81 1724 te
100 1679 169 1723 esse
192 1665 336 1744 propter
354 1653 513 1744 publicas
535 1664 570 1721 et
586 1651 741 1742 privatas
757 1651 970 1720 calamitates
985 1675 1042 1720 ar·
1088 1675 1162 1720 non
1178 1649 1402 1724 abhorrerea
1421 1667 1553 1723 vestrae
1569 1651 1747 1723 Ecclesiae
1759 1652 2033 1741 gubernatione,
2057 1649 2087 1717 si

53 1757 168 1840 bitror3
197 1767 315 1824 tamen
333 1754 376 1822 iis
392 1767 427 1824 te
442 1752 745 1823 consolationibus
762 1765 927 1837 sustenta,
952 1775 1042 1844 quae
1087 1753 1201 1822 literis
1221 1753 1371 1825 Senatus
1394 1779 1517 1824 rursus
1540 1755 1723 1825 accersitus
1747 1755 1863 1822 fuerit.
1914 1751 2012 1821 Haec
2027 1773 2087 1818 es-

50 1854 134 1926 Deus
155 1851 335 1924 Ecclesiae
364 1879 447 1924 suae
476 1855 673 1945 proposuit.
728 1851 897 1924 Erramus
922 1853 1042 1941 igitur,
1088 1878 1220 1944 ponere
1242 1868 1275 1924 te
1297 1857 1342 1924 iis
1361 1858 1485 1940 velim,
1511 1857 1572 1950 qui
1590 1853 1822 1946 Reipublicae
1834 1865 1968 1924 vestrae
1984 1875 2087 1946 prae-

52 1971 84 2028 nt
96 1956 289 2026 Hieremias
306 1957 344 2024 in
362 1979 424 2026 sua
441 1955 613 2024 concione
625 1955 728 2044 legit,
754 1949 883 2047 s‘ugum
899 1949 985 2036 Det,
1008 1968 1042 2024 et
1088 1969 1182 2024 sunt.
1232 1954 1281 2026 Et
1303 1981 1384 2026 cnm
1406 1958 1516 2027 fueris
1538 1981 1597 2026 eos
1613 1953 1794 2038 hortatus,
1819 1969 1860 2026 nt
1875 1951 2012 2024 Ionam
2028 1974 2087 2022 ac-

52 2061 139 2128 abeo
153 2073 326 2150 petamus,
352 2070 385 2125 et
400 2069 619 2146 expectemus
635 2055 892 2144 mitigationem
908 2080 1041 2146 poena·
1088 2069 1244 2139 catsant,
1275 2059 1363 2150 quid
1386 2061 1565 2128 decretum
1592 2060 1656 2144 sit,
1689 2052 1826 2126 etmihi
1843 2056 1958 2147 etipsi
1975 2052 2085 2144 signi-

51 2183 136 2246 rum,
167 2173 201 2230 et
223 2157 511 2238 meminerimus,
536 2156 647 2246 ipsius
672 2159 836 2228 mandata
860 2180 952 2242 csse,
978 2181 1040 2248 pe·
1086 2157 1216 2227 ficabis.
1254 2157 1345 2228 Nam
1360 2161 1452 2251 apud
1469 2163 1607 2230 eosdem
1627 2179 1767 2254 quoque
1784 2155 1979 2246 ingenium,
2005 2177 2086 2223 eru-

53 2275 112 2330 tcre
126 2275 156 2330 et
173 2274 358 2350 expectare
375 2258 620 2328 liberationem
635 2271 669 2326 et
684 2256 722 2326 in
740 2257 817 2326 eius
832 2259 1040 2348 promissio·
1087 2259 1259 2327 ditionem
1288 2274 1320 2328 et
1347 2263 1512 2330 virtutem
1535 2277 1632 2331 tuam
1655 2259 1873 2354 praedicavi,
1906 2281 1945 2326 ac
1965 2253 2085 2326 literas
2107 2324 2114 2335 ‚

51 2363 143 2432 nibus
183 2361 425 2454 acquiescere,
475 2357 612 2428 etiamsi
653 2357 818 2429 liberatio
864 2360 1039 2429 dissertur.
1086 2359 1204 2429 mittes
1220 2361 1256 2427 in
1271 2355 1667 2451 oppidumNortlmscn
1683 2361 1726 2427 ad
1741 2357 1943 2442 Consulem,
1968 2355 2085 2426 virum

51 2461 236 2533 benevale.
270 2457 436 2532 Calendis
452 2456 557 2530 lunii.
593 2455 803 2534 Nortbusae.
836 2459 961 2531 Scribe
975 2461 1040 2531 ubi
1085 2457 1346 2545 Clarissimum,
1377 2460 1574 2532 Dominum
1594 2453 1825 2530 Michod'lem
1847 2453 2085 2550 Meienbnrg.

49 2563 108 2634 sint
124 2563 304 2656 principes
321 2557 476 2635 Ascanii.
508 2557 618 2634 1547.
1088 2559 1196 2630 Vides
1226 2577 1425 2653 temporum
1457 2564 1670 2632 varietatem
1744 2555 1958 2655 †Quadam
1988 2558 2084 2626 enim

798 2657 865 2734 Pb.
883 2659 937 2734 M.
982 2727 986 2736 ,
1086 2663 1233 2731 obscuro
1249 2657 1557 2756 ovpnrcrioesboc
1572 2673 1678 2752 agunt
1692 2662 1874 2752 pontifices
1888 2655 1952 2735 καὶ
1968 2657 2004 2730 οἱ
2022 2653 2083 2730 εὖ·

1085 2766 1220 2860 γενεῖς,
1257 2779 1298 2833 nt
1327 2764 1440 2836 lucem
1464 2789 1567 2834 verae
1586 2763 1767 2834 doctrinae
1796 2763 2020 2850 extinguant,
2047 2771 2082 2828 et

112 2945 121 2952 ,
1086 2887 1150 2935 suo
1178 2867 1325 2937 arbitrio
1353 2865 1541 2954 religiones
1561 2864 1838 2936 accommodatas
1858 2864 1902 2931 ad
1923 2863 2080 2953 ipsorum

57 2967 115 3066 ajo⁰
130 2993 246 3066 5g95‚
804 2973 809 2984 '
917 3003 949 3060 1⁴
969 2989 1037 3054 111¹,
1085 2968 1278 3056 potentiam
1303 2982 1338 3038 et
1361 2969 1571 3060 cupiditates
1585 2963 1818 3036 constituant*
1836 2956 1907 3059 “).
1958 2960 2082 3032 Piiset

47 3085 250 3122 Μ’
899 3076 1037 3108 Μ
1086 3069 1215 3153 doctis,
1239 3081 1411 3161 quantum
1435 3071 1589 3138 modeste
1604 3068 1717 3135 facere
1733 3089 1938 3157 possumus,
1962 3063 2079 3134 danda

360 3159 493 3247 Laur.
518 3157 719 3244 Mollem.
1086 3182 1136 3237 est
1157 3193 1283 3260 opera,
1309 3185 1348 3240 nt
1366 3169 1536 3240 Doctores
1548 3167 1794 3260 praeficiantur
1808 3163 1977 3236 Ecclesiis
1990 3179 2081 3236 recte

1087 3271 1215 3338 eruditi
1238 3285 1271 3340 et
1294 3270 1443 3359 integri,
1469 3297 1510 3340 ac
1526 3292 1646 3360 spero,
1671 3265 1747 3338 Deo
1767 3269 1930 3354 iuvante,
1957 3265 2080 3336 lonam

1085 3385 1120 3442 et
1140 3367 1315 3442 Ecclesiae
1340 3385 1475 3442 vestrae
1494 3371 1618 3440 utilem
1638 3371 1730 3454 lore,
1756 3383 1790 3438 et
1809 3371 1922 3438 civem
1946 3371 2081 3438 bonum

286 3470 358 3546 La
370 3470 553 3546 urentia
578 3467 634 3544 M
641 3471 688 3544 ol
695 3467 794 3542 lero
1082 3473 1179 3558 sore,
1203 3469 1271 3544 boc
1286 3488 1355 3558 cst,
1377 3473 1523 3544 consilio
1539 3473 1584 3540 ad
1600 3471 1746 3542 salutem
1761 3467 1957 3556 Ecclesiae,
1981 3484 2016 3540 ot
2029 3469 2082 3538 ci·-

1084 3574 1203 3644 vitatis
1225 3575 1516 3667 tranquillitatem
1538 3587 1571 3642 et
1590 3572 1815 3642 concordiam
1837 3573 2081 3642 accommoda-

1084 3686 1203 3746 turum
1228 3699 1318 3759 esse,
1350 3699 1502 3768 quorum
1523 3687 1714 3765 utrumque
1736 3697 1815 3742 cum
1833 3695 1970 3762 semper
1984 3671 2082 3754 alias,

1084 3787 1160 3843 tum
1174 3799 1257 3844 vero
1273 3770 1340 3844 hoc
1355 3787 1511 3867 tempore
1523 3775 1681 3842 maxime
1690 3772 1923 3851 necessarium
1940 3784 2002 3856 est,
2026 3771 2083 3838 vi-

88 3943 98 3968 ,
150 3939 159 3964 ,
215 3939 223 3962 ,
281 3935 295 3958 ,
341 3933 402 4000 ,3
539 3929 639 3998 ‚3,
751 3928 760 3954 ,
1084 3876 1230 3958 delicet,
1259 3887 1300 3946 ut
1322 3878 1368 3945 sit
1387 3870 1472 3944 baec
1495 3889 1588 3945 meta
1611 3876 1706 3944 bono
1733 3873 1868 3941 doctori
1891 3872 2082 3964 proposita,

73 3957 702 4106 ἵπῖὧτζςῖῗυῗζύανφαξίέζέἑατνφξωωῖῑοέ
722 3957 829 4015 τυχως
1084 3991 1124 4046 ut
1147 3973 1305 4048 Ecclesia
1335 3989 1428 4048 recte
1452 3979 1637 4055 doceatur,
1675 3988 1709 4043 et
1732 3973 1863 4042 civium
1883 3974 2081 4042 voluntates

77 4107 374 4188 (Gsamlromosr‘ns,
397 4101 617 4166 atriolorum
632 4102 1038 4168 bomtnumnrlomr‘tatess
1085 4079 1364 4168 ⁰⁰¹ll¹11¹8³¹¹lllrs
1401 4077 1492 4148 ⁸5⁰¹st
1511 4073 1613 4147 Pl³l0
1641 4073 1705 4144 ³31²
1743 4065 1874 4164 rigor
1896 4065 2080 4146 ὑπόθεσίν

73 4195 208 4258 bevere
222 4191 406 4268 sermm,
428 4209 470 4250 ne
485 4209 586 4252 susos
598 4189 730 4270 quidem
743 4187 869 4272 essens.)
1084 4195 1246 4271 oportere
1264 4204 1353 4264 esse,
1377 4192 1418 4249 ut
1432 4179 1526 4248 cives
1540 4177 1612 4246 sint
1625 4171 1766 4245 honesti
1781 4190 1815 4246 et
1831 4175 1925 4245 inter
1943 4199 1980 4246 se
1994 4200 2081 4246 con-

37 4295 82 4368 lta
95 4325 195 4368 nnnc
212 4290 366 4366 maxime
383 4293 485 4362 decet
499 4293 614 4360 bonos
629 4291 725 4362 viros
740 4293 778 4359 in
792 4287 979 4374 Ecclesiis,
1004 4304 1039 4360 et
1084 4283 1218 4354 cordes.
1252 4277 1333 4376 περὶ
1349 4273 1554 4372 ζητήματος
1565 4277 1733 4368 respondi
1749 4277 1787 4345 in
1803 4277 1950 4370 pagella,
1973 4301 2079 4370 quam

36 4396 280 4469 misericordia
303 4394 444 4464 exulum
469 4392 588 4471 adfici,
620 4406 653 4462 et
669 4390 780 4462 lenire
797 4416 919 4462 comm
934 4415 1038 4462 aeru-
1083 4380 1191 4453 hodie
1212 4384 1377 4474 epistolae
1392 4381 1538 4454 inserui.
1588 4377 1787 4451 Benevale.
1838 4377 2004 4450 Calendis
2020 4375 2081 4444 lu·

34 4525 139 4582 mnas,
167 4501 200 4569 si
217 4497 349 4588 quihus
363 4493 486 4565 officiis
502 4507 661 4585 possunt.
711 4493 763 4562 Ac
782 4507 878 4563 tuam
893 4493 1036 4586 quidem
1084 4487 1156 4570 nii,
1181 4487 1220 4554 in
1236 4485 1365 4574 oppido
1381 4477 1583 4553 Nortbosen
1606 4479 1715 4553 1547.

32 4604 198 4694 pietatem
228 4599 267 4666 in
291 4593 358 4666 hoe
382 4619 509 4686 genere
533 4595 607 4686 ipse
629 4619 706 4666 sum
730 4608 903 4686 expertus.
952 4592 1037 4665 Fuit
1594 4577 1782 4698 Pitlllppus
1804 4573 2030 4652 Melantbon.

32 4707 121 4773 enirn
138 4698 239 4772 mibi
255 4711 468 4790 pergratum,
490 4698 586 4790 quod
599 4721 678 4765 meo
695 4696 812 4766 dolori
827 4694 940 4765 literis
954 4719 1037 4764 sua-

31 4807 172 4876 vissime
196 4801 341 4892 scriptis
360 4799 493 4868 mederi
518 4798 703 4882 studuisti,
728 4797 865 4892 tibique
887 4796 1034 4888 gratiam
1095 4795 1237 4808 “““”’“

30 4903 161 4992 babco,
190 4917 231 4974 et
245 4905 287 4970 de
301 4925 379 4986 meo
398 4900 501 4970 exilio
516 4899 666 4969 scribam
683 4899 781 4972 alias.
926 4979 929 4987 Α
1081 4921 1147 4997 No·
1170 4919 1282 4994 3394‘
1711 4929 1744 4990 ρ.
1762 4917 1827 4982 Iun.
1845 4917 2055 5000 (mm)

124 5008 241 5080 Nunc
263 5001 367 5073 amici
392 5024 447 5070 res
468 5000 642 5069 ridendae
655 5013 757 5084 sunt,
779 5015 820 5070 ut
836 5001 896 5070 ille
910 4995 1035 5070 tneo-
1086 5013 1299 5054 ww
1698 5008 2075 5051 m

26 5111 164 5182 moedia
195 5105 327 5198 inquit.
376 5101 516 5172 Novisti
538 5101 657 5174 vuum
673 5099 936 5185 Clarissimum,
959 5099 1035 5170 Do-
1449 5107 1511 5190 10,
1533 5135 1563 5188 a
1585 5096 1717 5214 Βθγὲ,

164 3291 375 3398 'reparetur
396 3341 423 3393 ρ.
437 3301 488 3374 aa
502 3338 562 3393 qq.

43 3605 76 3696 S.
98 3625 140 3700 D.
192 3623 383 3714 Euripidis
410 3645 532 3692 versus
557 3634 656 3702 sunt,
691 3645 845 3712 quorum
863 3621 1037 3692 sententia

41 3752 98 3796 rox
129 3742 181 3798 est
215 3725 441 3796 consentiens
473 3724 635 3791 omnium
661 3717 891 3791 honestorum
921 3719 1038 3790 bomi-

39 3851 131 3913 num,
159 3843 194 3899 et
210 3828 357 3922 quidem
375 3844 571 3912 congruens
587 3847 668 3892 cum
684 3823 866 3892 voluntate
882 3821 961 3896 Dei.

54 5337 82 5407 0)
103 5332 250 5390 t'saetteet
264 5323 425 5384 Melsntbon
439 5324 626 5392 constitueret,
647 5323 799 5381 Nortbnsse
811 5345 867 5380 non
880 5325 1035 5394 subsistere,
1148 5278 1170 5341 l
1188 5273 1225 5328 ΕΙ
1236 5269 1391 5346 'pompm
1403 5269 1432 5322 in
1444 5268 1506 5323 ‘od'
1514 5265 1597 5320 Gom
1611 5263 1673 5320 Μ’
1686 5263 1767 5336 Μ’
1778 5275 1805 5319 ⁸⁸
1818 5263 1883 5322 ουδ’
1894 5263 1979 5339 ¹²¹⁸·
1992 5266 2078 5338 μμ·

87 5405 138 5459 red
153 5403 184 5456 in
201 5397 334 5470 patriam,
353 5394 551 5461 Pelstinstum,
566 5394 644 5448 cuius
658 5413 758 5466 magro
771 5395 907 5450 desiderio
920 5397 1033 5450 tsnsba·
1113 5437 1133 5478 t
1304 5434 1322 5450 ,,
1419 5429 1460 5446 .,,

87 5487 157 5540 tur,
183 5488 214 5522 se
238 5463 372 5520 consors.
418 5461 531 5518 Distulit
550 5471 638 5518 sutem
656 5461 709 5518 boc
729 5465 781 5518 iter
800 5473 921 5518 retentos
938 5481 1034 5520 smsrs
1133 5433 1470 5507 l⁰²”⁶‘¹l⁹¹'¹¹M²“'¹¹¹¹·

84 5543 278 5610 collegarum.
313 5531 374 5586 Vid.
391 5529 468 5604 epist.
482 5531 515 5584 sd
528 5529 685 5587 Sidsmsnn.
697 5533 726 5588 sl.
738 5532 765 5588 d.
779 5531 805 5590 5.
818 5531 880 5588 lun.
1113 5526 1163 5595 ”l
1183 5521 1265 5577 atta
1283 5522 1317 5576 Α.
1329 5519 1367 5574 D.
