4774 6264
83 395 151 474 rat
654 369 1096 466 uersroranu'n
1151 379 1262 468 orn
1292 383 1359 468 xe
1384 426 1390 435 -
1412 367 1548 468 rste
2046 383 2126 482 tae

179 562 272 636 Com
287 577 404 634 autern
420 562 459 632 in
474 559 699 632 Britanniam
718 575 754 633 et
775 557 836 633 bic
860 583 960 634 meus
983 563 1076 634 arni·
1129 585 1204 632 non
1221 575 1315 634 recte
1331 563 1500 639 sentiunt.
1552 543 1689 641 Iniusta
1713 569 1811 640 enim
1831 571 1978 646 consilia
2000 575 2125 668 oppri-

83 695 141 744 cus
154 661 381 739 Frontem
393 659 620 759 Dryander,
644 657 967 750 Gualtemnotus,
989 689 1076 758 pro-
1128 667 1278 736 mendae
1299 667 1457 738 veritatis
1480 691 1546 738 nee
1566 669 1643 742 Deo
1666 673 1823 762 placent,
1857 699 1922 748 nee
1946 677 2010 749 diu
2039 693 2124 750 sunt

81 778 235 846 fecturus
256 783 364 853 esset,
399 768 520 838 literas
543 791 563 836 a
583 792 641 837 nte
662 767 808 859 petivit,
839 791 914 838 non
937 780 979 839 ut
997 769 1075 838 cni-
1127 768 1261 854 felicia,
1286 781 1323 840 et
1338 763 1485 840 haerent
1502 767 1706 844 qucclesia
1720 788 1855 848 veteres
1870 779 1988 850 morbi
2002 780 2123 871 magni

82 899 183 970 quam
199 872 300 942 oneri
317 882 426 955 esset,
461 871 520 939 sed
535 863 642 940 homo
667 869 873 962 peregrinus
899 883 939 942 ut
963 870 1074 940 veteri
1127 867 1241 966 (quod
1264 883 1297 941 et
1318 867 1397 943 Res
1421 875 1700 964 sapientissimus
1731 889 1831 968 pater
1856 891 1946 950 tuus·
1960 879 2122 973 videbat)

80 999 199 1060 more,
224 997 331 1068 quem
348 973 426 1042 istic
441 985 633 1064 patronum
649 967 778 1044 babeat
796 968 858 1044 καὶ
871 965 1074 1066 προσάτην,
1126 972 1256 1066 quibus
1270 995 1409 1044 necesse
1425 989 1476 1046 est
1493 998 1575 1046 vera
1595 973 1621 1070 ')
1648 977 1862 1052 ellalutaria
1880 985 2034 1054 remedia
2056 985 2120 1054 ad-

81 1076 255 1157 utGraeci
268 1076 453 1160 vocabant,
477 1075 628 1168 quaerit.
677 1071 848 1149 Arbitrer
863 1075 1025 1146 iamistic
1041 1089 1075 1148 et
1126 1070 1244 1144 hiberi
1263 1071 1305 1169 ²).

79 1184 164 1254 alios
181 1181 353 1274 quosdam
369 1200 459 1261 esse,
481 1177 612 1270 quibus
638 1192 745 1248 notus
763 1191 834 1257 est,
860 1173 1016 1272 quorum
1027 1180 1074 1250 de
1228 1175 1335 1266 Quod
1353 1177 1464 1268 igitur
1479 1180 1517 1250 in
1531 1179 1658 1272 Regno
1681 1181 1744 1253 tuo
1767 1183 2041 1256 deliberationes
2063 1187 2122 1255 in·

78 1278 282 1356 Francisco
299 1279 431 1353 iudicia
446 1301 528 1352 cum
542 1279 716 1364 audieris,
741 1274 837 1350 haud
853 1279 962 1374 dubie
975 1301 1074 1352 eum-
1126 1278 1272 1352 stituisti
1294 1282 1338 1350 de
1356 1277 1541 1366 Ecclesiis,
1566 1297 1657 1354 recte
1677 1285 1779 1370 sacis,
1805 1299 1838 1356 et
1860 1300 2046 1378 paternum
2061 1313 2122 1359 ex-

79 1412 133 1459 ma
151 1385 353 1466 voluntate,
378 1394 414 1452 et
429 1381 603 1470 singulari
617 1381 864 1457 benevolentia
877 1405 959 1454 eum
974 1404 1072 1455 com-
1125 1382 1283 1472 emplum
1298 1383 1464 1454 imitaris:
1493 1383 1679 1482 Deumque
1695 1400 1876 1457 aeternum
1890 1385 2030 1458 Patrem
2044 1386 2122 1460 Do-

78 1486 249 1582 plecteris.
307 1482 545 1557 Familiaritas
574 1481 607 1554 ei
630 1507 769 1557 mecum
798 1498 849 1554 est
876 1485 1071 1560 multorum
1123 1483 1215 1552 mini
1237 1486 1352 1555 nostri
1374 1485 1453 1557 lesu
1475 1483 1616 1559 Christi·
1634 1502 1709 1560 toto
1730 1503 1871 1580 pectore
1901 1515 1986 1575 oro,
2024 1501 2121 1561 utet

77 1606 264 1682 annornm.
315 1584 408 1656 Vere
432 1609 613 1658 servamus
635 1581 1072 1666 hoellonrerieumintes
1124 1599 1220 1655 tuam
1234 1598 1389 1657 mentem
1410 1592 1526 1680 regat,
1553 1603 1589 1661 et
1602 1587 1777 1661 Ecclesiae
1801 1591 1841 1660 in
1864 1605 1925 1662 tuo
1942 1589 2069 1682 Regno
2086 1605 2121 1662 et

77 1717 159 1777 rios,
187 1706 227 1763 ut
244 1686 372 1782 hospes
398 1701 566 1780 tanquam
590 1689 698 1760 frater
722 1689 900 1777 diligatur.
950 1684 1071 1762 Etiam
1124 1688 1214 1759 alibi
1226 1689 1379 1760 feliciter
1392 1695 1572 1778 emendet,
1597 1705 1637 1763 nt
1652 1707 1688 1764 et
1701 1693 1812 1785 ipsius
1825 1693 1937 1782 gloria
1960 1718 2043 1764 vere
2061 1715 2120 1762 ee-

76 1794 210 1864 iudicio
226 1816 305 1864 eum
329 1790 532 1881 complexus
554 1813 645 1865 sum.
696 1789 846 1862 Peuitus
871 1789 967 1868 enirn
989 1815 1070 1882 pso-
1123 1789 1300 1876 lebretur,
1320 1801 1367 1862 *et
1389 1787 1481 1862 mihi
1503 1791 1668 1865 homines
1690 1799 1735 1865 ad
1759 1819 1841 1866 eum
1864 1817 1946 1865 vere
1970 1818 2120 1865 conver·

75 1895 168 1988 spesi
188 1895 264 1966 e'ms
277 1892 465 1983 opiniones
482 1904 516 1962 et
531 1916 661 1975 mores,
683 1915 723 1960 ac
738 1892 975 1963 animadverti
990 1913 1071 1967 eum
1123 1899 1264 1972 tantur,
1290 1917 1330 1964 ac
1351 1896 1439 1967 socii
1461 1897 1547 1970 fiant
1566 1911 1728 1968 aeternae
1750 1897 2016 1968 consuetudinis
2038 1919 2119 1970 cum

55 1997 257 2068 *excellenti
275 1993 418 2084 ingenio
434 1993 634 2085 praeditum
652 2015 746 2073 esse,
772 2008 807 2064 et
821 1993 998 2084 praeclare
1013 1992 1071 2065 in-
1123 1989 1217 2062 Filio
1234 1991 1314 2067 Dei.
1652 2073 1657 2081 ¹

73 2111 247 2171 structum
266 2095 467 2167 eruditione
488 2109 523 2164 et
547 2097 591 2164 dc
614 2095 864 2167 controversiis
878 2093 1071 2172 rectissime
1225 2089 1433 2167 Cavendum
1449 2111 1567 2170 autem
1587 2099 1655 2170 erit
1670 2099 1739 2170 tibi
1757 2099 1795 2168 in
1811 2094 1878 2168 bac
1900 2099 2120 2171 emendatio-

73 2202 251 2283 iudieare,
284 2223 326 2268 ac
355 2220 500 2287 prorsus
523 2197 694 2266 alienum·
710 2220 782 2274 esse
807 2220 827 2264 a
850 2195 1015 2269 fanaticis
1037 2209 1072 2269 et
1123 2217 1188 2278 ne,
1213 2219 1258 2265 ne
1271 2221 1379 2288 prava
1396 2199 1538 2290 ingenia
1563 2201 1778 2293 corruptelas
1799 2201 1981 2277 misceant.
2032 2199 2118 2271 ldeo

72 2302 250 2373 seditiosis
267 2298 510 2391 opinionibus.
563 2295 709 2368 Morum
732 2298 839 2369 etiam
860 2297 1069 2391 gravitatem
1122 2299 1318 2386 prudenter
1339 2314 1373 2370 et
1394 2316 1474 2372 tuae
1496 2303 1612 2392 gentis
1640 2298 1848 2388 hominum,
1881 2320 1917 2377 et
1937 2299 2121 2395 hospitum

70 2405 288 2495 singularem
307 2403 379 2492 ipse
395 2401 465 2472 cito
483 2422 681 2486 cognosces.
730 2395 781 2470 Et
801 2393 858 2470 his
879 2421 1071 2473 ornamen-
1122 2419 1244 2468 sensus
1261 2415 1365 2492 atque
1387 2403 1575 2492 opiniones
1596 2403 1837 2474 considerabis
1852 2399 1892 2496 ’).

69 2508 113 2577 tis
136 2506 249 2577 tantis
271 2505 373 2576 addit
394 2525 512 2574 veram
536 2499 605 2570 Dei
627 2499 845 2592 agnitionem
868 2514 904 2575 et
924 2499 1071 2582 invoca·
1177 2503 1181 2508 “
1222 2493 1374 2571 Affirmo
1407 2517 1525 2573 autern
1554 2500 1651 2574 hunc
1685 2497 1931 2574 Franciscnm
1959 2499 2121 2600 Dryon-

70 2610 219 2680 rionern
1123 2593 1231 2670 tirum
1255 2601 1360 2692 longa
1390 2599 1480 2673 mihi
1510 2607 1766 2678 consuetudine
1790 2608 1990 2698 cognitum,
2026 2622 2121 2678 recte

169 2706 274 2778 Talis
294 2729 374 2776 cum
399 2706 466 2791 sit,
493 2728 623 2801 quaeso
648 2719 688 2778 ut
708 2729 788 2776 etrm
814 2703 1069 2799 complectaris.
1123 2704 1301 2773 excultum
1317 2729 1390 2774 esse
1407 2703 1626 2793 'eruditione3
1653 2703 1748 2777 Trrrn
1774 2732 1859 2778 vero
1881 2709 2121 2800 prudentissi-

70 2811 161 2884 Usui
182 2811 287 2880 etiam
304 2833 384 2878 etun
401 2809 477 2880 fore
493 2810 531 2880 in
550 2805 740 2880 Academia
763 2807 881 2902 aliqua
903 2806 1070 2878 arbitror.
1123 2829 1179 2873 me
1207 2805 1365 2874 iudicare
1392 2808 1437 2876 de
1458 2808 1642 2902 religionis
1671 2811 1937 2879 controversiis:
1976 2833 2017 2879 ac
2042 2824 2118 2881 toto

69 2915 198 2986 Scribo
215 2911 358 2984 brevius
373 2925 408 2981 et
429 2910 627 3002 simplicius
648 2923 792 3002 propter
815 2909 984 3000 temporis
1005 2931 1070 2980 an·
1122 2905 1261 2990 animo,
1286 2916 1429 3001 totaque
1444 2905 1561 2981 inente
1580 2911 1775 2982 afanaticis
1791 2924 1827 2981 et
1840 2911 2019 2981 seditiosis
2039 2911 2119 3004 opi-

67 3018 240 3108 gustiam,
266 3038 356 3108 quae
372 3008 460 3083 milri
477 3015 521 3082 ad
538 3005 601 3082 bas
615 3011 736 3082 literas
753 3011 957 3085 scribendas
973 3033 1069 3080 nunc
1122 3007 1294 3078 nionibus
1326 3007 1528 3085 abhorrere.
1590 3007 1710 3104 Quare
1738 3035 1817 3082 eum
1848 3013 1888 3081 in
1910 3026 1973 3084 tuo
1994 3036 2119 3104 regno,

67 3118 285 3208 contigerat;
329 3112 454 3207 Teque
478 3139 540 3186 oro
572 3127 614 3184 ut
642 3111 780 3185 veniam
804 3113 866 3182 des
886 3107 1069 3202 Epistolae
1123 3112 1160 3178 in
1177 3106 1369 3182 Academia
1385 3112 1503 3207 aliqua
1528 3138 1656 3205 magno
1677 3113 1760 3184 usui
1782 3124 1887 3207 atque
1906 3131 2118 3188 ornamento

64 3220 188 3294 subito
211 3219 359 3300 effusae,
386 3239 492 3310 quam
514 3229 632 3288 tamen
657 3237 776 3286 veram
801 3237 874 3284 esse
895 3208 1070 3284 iudicabis
1120 3208 1301 3284 Ecclesiae
1317 3210 1384 3284 Dei
1403 3237 1477 3286 esse
1492 3237 1592 3308 posse
1606 3215 1782 3296 existimo,
1807 3239 1955 3310 eamque
1970 3217 2018 3286 ob
2035 3239 2119 3288 cau-

64 3321 162 3414 ipse,
199 3321 263 3392 ubi
287 3311 491 3390 Frenetes·
510 3315 712 3408 ingenium,
742 3317 1004 3400 eruditionem,
1034 3327 1070 3386 et
1122 3337 1196 3386 sam
1209 3315 1329 3386 literas
1344 3314 1379 3386 ei
1393 3315 1613 3392 adEM.T.
1625 3317 1722 3392 dedi.
1772 3313 1937 3412 Eumque
1951 3315 2061 3391 ΚΜ.
2073 3317 2120 3393 Τ.

60 3447 183 3494 mores
197 3423 337 3493 dierum
352 3419 490 3514 aliquot
505 3412 724 3491 consuetudo
739 3417 945 3492 ostenderit.
971 3413 1069 3490 Bene
1122 3432 1326 3490 reverenter
1341 3421 1565 3496 commendo.
1614 3417 1713 3490 Bene
1729 3433 1764 3491 et
1778 3419 1929 3492 feliciter
1940 3421 2055 3494 valeat
2070 3417 2119 3496 ll.

59 3541 95 3597 et
117 3525 276 3596 feliciter
297 3523 385 3591 vale.
436 3521 561 3594 Idibus
579 3519 755 3606 Ianuarii,
781 3520 890 3593 Anno
910 3517 1020 3610 1548.
1123 3519 1239 3596 M.T.
1289 3518 1415 3592 Idibus
1431 3519 1601 3598 Ianuarii.
1628 3519 1762 3595 ‘Anno
1782 3517 1894 3599 1648.

69 3928 281 4014 noaret.
907 3868 1048 4002 m„
1120 3877 1316 4008 Q.

62 4035 537 4222 &Eduardo
565 4125 688 4242 Regi
715 4123 853 4240 Angl.
1151 4074 1154 4086 Ι
1504 4087 1743 4181 Studiosis.

127 4291 221 4366 span.
242 4290 289 4346 tu.
305 4288 354 4372 ut.
374 4309 402 4362 p.
419 4289 461 4344 ts.
482 4287 537 4356 aa.
552 4287 640 4344 sona.
661 4287 706 4342 us.
724 4287 772 4346 tu.
790 4305 834 4362 ep.
848 4289 901 4358 a).
918 4317 954 4334 -
988 4289 1067 4362 sp..
1186 4243 1384 4320 ΗΜ
1398 4240 1523 4306 ΨΜ*
1537 4247 1559 4304 ¹·
1578 4265 1606 4320 r·
1622 4249 1681 4306 ¹⁹⁹·

166 4358 293 4434 ‘'²⁹⁵⁰'‘
308 4378 337 4414 ¹¹¹
351 4357 414 4416 ⁶⁰⁴²
429 4357 514 4416 ⁰⁰¹⁵·
538 4355 582 4415 ¹⁹·
602 4377 629 4430 Ρ·
645 4359 687 4413 ¹¹·
1118 4367 1299 4446 Decanus
1343 4359 1509 4470 Collegii
1547 4363 1766 4447 Facultntis
1807 4367 2115 4474 Philosophicae,

57 4491 301 4572 Eduardo
331 4489 434 4592 Regi
466 4489 651 4590 Augilas,
691 4481 900 4582 Francius,
933 4503 966 4566 et
992 4491 1066 4566 Hi-
1193 4469 1453 4575 ΡῙΗἹῘΡΡΝ
1478 4469 1771 4548 Melanthon
1800 4471 2039 4576 (Studiosis).

483 4595 644 4668 berelae·
1119 4585 1203 4684 Eut
1220 4612 1257 4680 in
1277 4613 1384 4683 tantis
1400 4609 1615 4683 Germaniae
1635 4615 1808 4700 motibus,
1833 4616 1959 4708 inqua
1978 4625 2112 4684 certum

56 4713 207 4829 Inclyta
228 4743 262 4801 et
284 4729 529 4822 potentissime
552 4725 641 4801 Rex.
693 4725 805 4801 Multi
833 4730 874 4800 in
899 4729 1064 4803 universa
1118 4730 1168 4784 est
1183 4707 1336 4806 bospitio
1352 4709 1529 4785 Ecclesiae
1547 4715 1637 4799 Dei,
1663 4711 1855 4787 horribiles
1877 4729 2030 4786 terrores
2045 4731 2113 4786 no-

53 4834 207 4928 Eoropa
225 4833 342 4903 sciunt
361 4831 534 4926 inclytum
552 4843 587 4902 et
602 4829 900 4926 sapientissimum
917 4829 1064 4922 Regem,
1116 4817 1709 4908 1³5⁵Pf⁰P⁰⁸ll⁰⁸²⁸³0⁰0ffllffl¹¹⁸2
1752 4832 1786 4890 ⁰¹
1811 4817 1922 4890 mulla
1954 4819 2112 4910 l'⁴·'¹'l⁰¹¹¹a

52 4939 203 5010 pamm
226 4947 347 5019 mum,
370 4935 478 5005 moti,
499 4934 750 5004 controversiis
771 4936 975 5024 dogmatum
998 4935 1062 5006 dtu
1117 4919 1299 4990 interitum
1314 4915 1492 4990 Ecclesiae
1514 4915 1581 4990 Dei
1604 4932 1639 4990 et
1666 4919 1780 4990 literis
1802 4919 2033 4990 minitantur:
2058 4933 2114 4990 ta-

52 5045 90 5112 in
111 5037 211 5111 hanc
229 5035 477 5127 cogitationem
500 5035 722 5122 incubuisse,
746 5049 788 5107 ut
801 5035 969 5106 Ecclesiis
984 5049 1061 5109 toto
1115 5045 1197 5092 Μ
1214 5015 1279 5091 ¹¹³⁰
1295 5045 1360 5092 ¹¹⁰⁸
1375 5021 1617 5092 ⁰⁰¹¹⁸⁰¹³li⁰¹¹²
1632 5033 1884 5106 ⁸¹¹⁸l⁸¹¹²²m¹¹³r
1909 5021 2005 5114 <1⁰⁰⁶
2027 5045 2114 5114 1³¹⁰·

51 5149 140 5214 orbe
157 5145 337 5212 terrarum
353 5153 447 5209 recte
470 5139 734 5222 consuleretur,
761 5140 917 5232 quaesita
940 5131 1062 5235 †pia''
1114 5125 1209 5196 ¹⁰5⁸st
1226 5125 1347 5210 Deles
1376 5123 1614 5214 ⁸113ssssl⁰sl⁸²
1635 5145 1671 5194 ’θ
1694 5147 1769 5194 ⁰⁰¹¹
1793 5125 1997 5196 defuturum
2027 5145 2114 5198 ²⁸³⁰·

51 5241 381 5318 controversiarum
399 5241 661 5326 moderatione,
687 5259 752 5310 nec
775 5241 930 5311 voluisse
950 5243 1059 5310 armis
1113 5299 1321 5316 ........

48 5345 211 5442 opprimi
227 5341 424 5414 veritatem.
476 5339 595 5437 Atque
610 5343 747 5413 utinam
771 5343 847 5413 eius
868 5341 1058 5412 consilinm
1146 5405 1157 5454 ¹
1194 5403 1255 5456 c,
1282 5401 1356 5458 Μ
1382 5401 1417 5458 19
1470 5403 1506 5456 m

49 5448 183 5522 caeteri
210 5444 327 5536 Reges
347 5445 575 5518 audivissent.
627 5443 716 5515 Nam
742 5448 837 5540 quod
860 5445 922 5514 alii
948 5445 1057 5516 armis
1146 5405 1174 5556 ,ζ
1195 5421 1591 5556 023]0:,g19]2⁷,¹„,⁰,'„„

50 5548 218 5650 †posse'’
239 5547 377 5622 restitui
394 5543 572 5619 Ecclesiae
593 5549 821 5620 concordiam
842 5548 1055 5631 existimant,
1143 5573 1172 5640 a,
1192 5573 1601 5655 eot.oottc19.e=ptorattr.
