4778 6258
248 313 300 388 59
834 297 1274 380 EPISTULARUM
1331 305 1441 384 LlB.
1473 306 1521 388 Χ.
1573 304 1709 390 1546.
2248 315 2301 389 60

248 487 363 572 selam
381 479 544 574 §bulbum
567 479 759 576 titubaret,
785 479 845 554 ben
865 475 927 569 bob
950 473 994 569 icb
1013 474 1163 570 issia,
1188 483 1248 551 beo
1299 503 1381 552 cum
1404 481 1541 553 adesset
1556 480 1782 570 tabellarius,
1812 485 2049 558 necessarium
2066 507 2140 558 esse
2156 486 2242 558 duxi
2258 487 2301 556 de

250 587 373 680 bebid)
387 585 539 670 belotnt,
562 581 785 674 btnlitbtitb,
809 583 875 656 ttttb
892 577 1091 672 benabetid)
1108 577 1249 670 litote&
1298 606 1339 653 re
1363 597 1462 656 tanta
1481 585 1527 654 ad
1549 597 1584 654 te
1608 585 1771 659 scribere.
1821 582 1987 658 Islebi'oe
2009 602 2173 662 evocatus
2189 602 2243 658 est
2258 611 2299 658 eii

249 711 311 764 attn
335 690 429 764 tiebiii
447 685 589 782 bsiloab
613 689 677 758 iiio
694 681 842 775 &tldltn
871 682 1001 776 melibeis
1016 679 1062 754 bit
1080 675 1249 774 blottlofttt
1299 681 1366 756 hac
1395 709 1607 756 aerumnosa
1635 688 1707 757 iiia
1729 686 1961 761 Reverendus
1982 688 2087 761 Pater
2109 689 2154 762 D.
2176 686 2299 764 Mmt.

250 793 426 886 ottfolgcn,
453 789 676 883 [bonbtntnb
691 787 823 880 {bellan
865 783 977 856 blitum
992 784 1090 858 attint
1103 782 1198 856 &tile
1212 803 1250 876 att
1298 780 1418 862 Luih.
1434 789 1529 857 inter
1541 811 1661 882 preces
1676 789 1769 880 pias,
1794 806 1835 863 ut
1849 791 2025 882 intelliges
2038 817 2080 862 eii
2094 794 2300 862 narratione

254 895 315 970 bit.
350 895 402 978 3η
417 898 485 967 oroi
501 896 584 967 tebet
600 889 746 964 ttinbit
761 887 826 960 biit
840 883 1013 960 attottn
1025 909 1154 959 manus
1169 901 1249 958 tuas
1300 889 1345 960 ad
1371 888 1579 983 Principem
1607 887 1808 962 Electorem
1837 894 1989 985 scripta,
2029 918 2136 988 quam
2164 895 2300 964 addidi.

253 998 462 1069 commendo
486 993 660 1094 Spiritum
690 1015 829 1076 meum,
859 989 1043 1060 redemisti
1070 1013 1127 1058 me
1151 987 1249 1062 Deus
1300 987 1378 1062 Etsi
1397 1007 1515 1063 autem
1537 1011 1648 1083 genus
1663 995 1783 1065 morbi
1796 996 1957 1066 nonduin
1974 997 2058 1067 satis
2072 997 2222 1082 scimus,
2245 1011 2300 1067 ta-

253 1098 423 1171 veritatis.
473 1097 549 1188 illio
565 1097 622 1186 bot
637 1093 721 1166 &ott
737 1094 785 1166 oie
799 1091 884 1166 ttett
899 1091 1027 1183 gelitbtt
1042 1111 1082 1166 tt.
1300 1117 1384 1163 men
1398 1087 1515 1165 'audio
1538 1118 1620 1164 eum
1643 1095 1682 1163 in
1709 1109 1783 1168 tota
1806 1098 1868 1168 illa
1887 1099 2171 1190 peregrinatione
2202 1123 2299 1168 nun-

355 1197 423 1270 His
446 1199 610 1294 precibus
632 1195 820 1290 aliquoties
837 1191 1249 1285 ingeminatisaDeoin
1301 1219 1410 1288 quam
1433 1211 1527 1267 recte
1550 1197 1713 1268 valuisse.
1773 1195 1867 1270 Cum
1890 1200 1987 1268 enim
2000 1225 2082 1270 non
2106 1201 2231 1293 procul
2255 1201 2299 1270 ab

253 1317 432 1376 aeternam
454 1297 611 1373 scholam
639 1313 675 1370 et
698 1299 737 1366 in
757 1312 900 1368 aeterna
926 1297 1056 1388 gaudia
1086 1310 1250 1380 evocatus
1302 1299 1434 1390 oppido
1457 1300 1610 1382 abesset,
1642 1313 1677 1368 et
1699 1301 1768 1370 iter
1788 1303 1939 1393 pedibus
1962 1302 2112 1388 faceret,
2143 1297 2300 1372 horridis

254 1419 325 1490 est,
350 1404 389 1473 in
404 1428 473 1497 qua
487 1404 618 1475 fruitur
630 1402 888 1472 consuetudine
901 1397 1035 1486 Patris,
1057 1399 1142 1484 lilii,
1168 1397 1250 1488 spi·
1301 1401 1417 1470 ventis
1441 1423 1532 1474 euni
1546 1401 1770 1484 afflantibus,
1795 1418 1938 1496 questus
1954 1418 2006 1474 est
2020 1401 2247 1474 vehementer
2264 1429 2300 1474 se

252 1507 343 1580 ritus
376 1507 506 1592 sancti,
544 1503 707 1576 omnium
740 1497 1002 1594 Prophetarum
1035 1514 1070 1572 et
1095 1497 1252 1594 Aposto-
1301 1501 1395 1572 laedi
1420 1503 1564 1572 saevitia
1586 1503 1750 1592 frigoris,
1780 1519 1814 1575 et
1837 1521 2043 1591 ventorum,
2070 1521 2105 1576 et
2119 1512 2251 1578 sentire
2264 1529 2300 1575 se

253 1612 383 1683 lorum.
1302 1605 1518 1697 periculosas
1542 1606 1722 1694 angustias
1745 1609 1907 1698 pectoris.
1959 1605 2089 1679 adfuit
2109 1622 2226 1678 vester
2250 1611 2302 1676 al-

352 1704 436 1798 iid),
461 1706 552 1780 obiit
574 1708 695 1799 auriga
717 1721 751 1779 et
766 1732 892 1780 currus
915 1705 1044 1792 lsrael,
1080 1704 1144 1800 qui
1160 1703 1251 1774 rexit
1302 1708 1383 1777 finis
1398 1703 1443 1782 D.
1459 1700 1669 1794 Melchior,
1694 1709 1757 1801 qui
1772 1709 1859 1780 dicit
1871 1733 1953 1779 eum
1967 1707 1996 1804 ⁶)
2012 1733 2153 1804 quoque
2169 1711 2229 1778 viii
2246 1735 2301 1779 re-

251 1807 446 1884 Ecclesiam
473 1810 511 1878 in
535 1806 603 1881 hac
625 1811 753 1881 ultima
778 1824 915 1881 senecta
939 1807 1080 1881 mundi.
1128 1803 1251 1900 Neque
1303 1823 1458 1881 creatum
1486 1833 1561 1880 esse
1584 1811 1737 1902 sumptis
1760 1811 1929 1881 aromatis
1946 1807 1987 1904 ²).
2038 1808 2159 1881 Audio
2181 1825 2299 1882 autem

250 1914 348 1984 enim
371 1907 529 1982 humana
552 1913 738 2003 sagacitate
761 1909 979 2006 deprehensa
1011 1926 1062 1982 est
1090 1911 1253 1979 doctrina
1303 1913 1435 1981 similes
1464 1912 1497 1981 ei
1528 1912 1681 2005 pectoris
1712 1913 1890 2002 angustias
1922 1926 2003 1982 ante
2035 1937 2170 1982 annum
2202 1916 2301 1984 domi

250 2019 295 2086 ile
326 2013 534 2085 remissione
562 2023 787 2106 peccatorum
810 2017 908 2088 etde
932 2013 1061 2084 fiducia
1085 2013 1150 2080 lilii
1171 2007 1252 2094 Dei,
1305 2037 1406 2100 suae,
1431 2038 1513 2084 cuin
1535 2016 1654 2084 nudus
1678 2015 1716 2083 in
1734 2014 1843 2086 Saxea
1866 2015 1984 2086 cloaca
2010 2039 2129 2085 mense
2151 2012 2301 2084 Decem-

251 2119 311 2189 sed
338 2141 358 2187 a
376 2111 452 2188 Deo
474 2139 540 2208 per
561 2111 660 2188 hunc
673 2119 793 2188 virum
808 2119 996 2210 patefacta3
1023 2137 1130 2208 quein
1146 2113 1253 2184 etiam
1306 2117 1364 2186 liri
1386 2118 1542 2202 sederet,
1567 2117 1748 2186 accidisse:
1774 2131 1957 2210 quactum
1978 2141 2078 2203 eum,
2104 2119 2201 2210 quod
2219 2120 2301 2200 scio,

251 2215 365 2292 aDeo
386 2219 576 2290 excitatum
601 2219 757 2291 vidimus
778 2221 899 2312 luisse.
950 2215 1121 2288 Amemus
1145 2216 1265 2306 igitur·
1306 2220 1393 2288 adeo
1421 2218 1586 2288 atrociter
1609 2219 1873 2304 excruciarunt,
1896 2235 1937 2292 ut
1959 2220 2091 2289 diceret
2108 2219 2301 2288 selacilius

252 2319 361 2392 liuius
384 2322 455 2391 viri
476 2321 684 2392 memoriam
708 2335 744 2394 et
768 2345 878 2413 genus
901 2320 1086 2393 doctrinae
1107 2319 1152 2388 ab
1174 2317 1252 2411 ipso
1306 2321 1497 2390 acerrimos
1517 2320 1712 2406 cruciatus,
1739 2343 1828 2414 quos
1843 2323 1957 2392 adfert
1970 2322 2146 2406 calculus,
2172 2321 2302 2392 tolera-

254 2425 445 2509 traditum,
479 2436 513 2494 et
537 2424 647 2495 simus
668 2426 901 2496 modestiores
928 2437 963 2494 et
989 2421 1254 2493 consideremus
1306 2436 1428 2500 turum
1455 2445 1545 2509 esse,
1579 2447 1685 2516 quam
1717 2417 1810 2493 banc
1838 2425 2151 2515 compressionem:
2191 2421 2304 2516 Saepe

253 2528 415 2616 ingentes
440 2526 653 2597 calamitates
675 2541 709 2599 ct
732 2527 948 2599 mutationes
970 2545 1136 2614 magnas,
1162 2545 1253 2617 quae
1306 2539 1424 2596 autem
1446 2549 1541 2594 niinc
1559 2519 1721 2593 Islebi'iie
1744 2527 1833 2594 tales
1857 2527 1889 2593 ei
1913 2527 2093 2616 angustiae
2110 2526 2304 2608 redierunt,

254 2623 353 2698 liuiic
369 2651 487 2698 casum
502 2641 586 2698 sunt
599 2643 824 2722 sequuturae.
1307 2641 1347 2698 ut
1370 2629 1514 2698 tandem
1540 2640 1667 2697 natura
1687 2640 1868 2719 superata,
1903 2627 1968 2696 Vir
1991 2642 2109 2698 tantus
2130 2626 2303 2698 extinctus

359 2727 429 2815 Te,
454 2729 506 2798 fili
517 2727 597 2817 Dei,
623 2733 787 2802 crucifixe
803 2757 867 2824 pro
883 2731 988 2802 nobis
1003 2743 1037 2800 et
1050 2727 1255 2798 resuscitate
1307 2731 1365 2803 sit.
2037 2718 2045 2726 ⁵

250 2825 488 2917 Emmanuel,
513 2856 590 2914 oro,
614 2846 656 2903 ut
671 2829 868 2906 Ecclesiam
886 2847 984 2906 tuam
1000 2844 1111 2921 regas,
1139 2851 1256 2900 serves
1410 2826 1489 2899 Etsi
1519 2843 1637 2901 autem
1668 2829 1708 2898 in
1736 2854 1865 2922 magno
1888 2833 2012 2903 dolore
2035 2831 2165 2901 multos
2190 2833 2303 2902 bonos

256 2950 291 3005 et
306 2935 495 3017 defendas,
520 2931 651 3005 Amen.
1308 2929 1475 3001 homines
1489 2933 1624 3026 ubique
1640 2953 1804 3002 essenon
1820 2934 1958 3022 dubito,
1983 2950 2100 3005 tamen
2116 2934 2187 3004 scio
2202 2949 2303 3004 tuum

633 3037 637 3048 '
1310 3056 1509 3102 moerorem
1532 3033 1637 3123 longe
1660 3033 1832 3104 maiorem
1855 3037 1952 3122 lore,
1978 3037 2060 3130 quia
2083 3036 2144 3105 ille
2165 3058 2231 3112 nec
2248 3035 2304 3106 ul-

1311 3135 1386 3204 lum
1407 3135 1560 3204 amicum
1582 3130 1738 3206 habebat
1751 3131 1781 3230 ⁸)
1804 3138 2052 3224 vetustiorem,
2083 3161 2150 3208 nec
2164 3133 2305 3207 chario-

1310 3261 1403 3322 rem,
1429 3249 1497 3306 'nec
1521 3253 1558 3309 tu
1584 3239 1688 3308 aliter
1713 3261 1817 3330 eum,
1851 3264 1958 3333 quain
1984 3253 2120 3332 patrem
2140 3239 2305 3310 dilexisti.

257 3323 325 3397 ΝΟ·
340 3319 453 3396 3395·
1105 3319 1259 3444 Ῑὲἰῗ·
1310 3338 1430 3410 Habes
1445 3337 1554 3428 igitur
1568 3341 1742 3430 privatam
1752 3334 1783 3432 ο)
1800 3365 1938 3411 causam
1953 3343 2088 3412 doloris
2103 3343 2306 3412 maximam.
2374 3339 2375 3342 ’

266 3417 440 3450 ww
881 3443 903 3519 ’,
1310 3438 1451 3540 Deinde
1474 3455 1509 3511 et
1524 3443 1687 3534 publicae
1703 3445 1883 3514 accedunt.
1934 3441 2025 3514 Nam
2039 3457 2118 3536 post
2132 3445 2208 3513 eius
2225 3443 2305 3514 obi-

578 3499 634 3584 Ν·
659 3493 940 3605 Αἠθάοφο·
1312 3556 1389 3615 tuin
1411 3545 1582 3613 videntur
1603 3558 1785 3614 secuturae
1805 3546 1939 3616 multae
1959 3547 2048 3616 aliae
2078 3547 2306 3628 calamitates,

330 3663 417 3735 Epis.
432 3657 480 3713 ltt.
492 3657 541 3715 111.
553 3677 581 3730 p.
597 3657 655 3711 ηε.
675 3656 1107 3730 (et.1an‹t.ttt,ep.1oa.)-
1130 3660 1260 3733 epagn-
1311 3648 1373 3715 sed
1396 3659 1430 3715 te
1451 3659 1597 3737 propter
1609 3643 1726 3716 Deum
1749 3671 1813 3717 oro
1836 3662 1871 3717 et
1887 3650 2061 3733 obtestor,
2085 3663 2126 3718 ut
2143 3648 2307 3718 consola·

362 3727 479 3804 ¹²¹¹⁰¹¹¹¹²
493 3727 556 3786 ⁶⁰³·
569 3725 689 3798 ΜΨ·
706 3725 757 3784 ¹⁰¹·
772 3729 814 3784 ¹¹·
829 3729 870 3784 ¹⁰·
887 3745 917 3798 Ρ·
932 3727 1019 3783 ¹⁶⁰b·
1311 3748 1473 3818 tionibus
1496 3747 1648 3833 divinis,
1675 3771 1765 3842 quae
1783 3751 1887 3820 nobis
1909 3751 1946 3820 in
1961 3747 2155 3842 Evangelio
2173 3774 2307 3842 propo-

261 3877 581 3962 Revereiidissi'mo
606 3874 661 3952 D.
686 3873 735 3950 N
735 3875 825 3950 icol
832 3906 889 3952 ao
904 3880 964 3964 ,ab
992 3879 1266 3989 Ambsdorff
1312 3850 1412 3966 m,
1427 3862 1530 3934 Μ’
1561 3862 1596 3918 ²⁹
1617 3862 1826 3970 ⁸¹J⁸¹⁰¹¹¹⁰⁸2
1841 3876 1949 3970 {ique
1972 3853 2010 3921 5¹¹
2034 3877 2072 3922 1⁰
2093 3864 2135 3926 ⁰²·
2152 3875 2236 3970 ¹¹⁰5,
2271 3865 2305 3920 θῑ

263 3989 451 4089 Episcopo
466 3976 792 4075 Naumhurgensi',
817 3979 1020 4055 eruditione
1034 3995 1066 4055 et
1082 3985 1212 4058 virtute
1226 3998 1258 4058 et
1311 3953 1491 4042 publicam
1516 3949 1715 4024 Ecclesiam
1736 3976 1912 4046 respicias.
1971 3953 2068 4025 Beue
2093 3968 2127 4023 et
2154 3955 2306 4025 feliciter

260 4095 394 4191 pietate
408 4081 636 4186 praestanti,
658 4075 909 4254 siioIPqirono
925 4111 1006 4158 cum
1024 4085 1258 4161 observantia
1312 4054 1400 4127 vale·

677 4207 717 4254 co
736 4207 778 4254 en
808 4210 840 4264 o.

261 4339 304 4428 S·
322 4353 368 4427 D.
391 4348 470 4422 Etsi
494 4349 530 4418 in
554 4345 736 4417 communi
761 4345 860 4417 luctu
878 4349 1032 4420 sciebam
1049 4347 1076 4445 ¹)
1097 4351 1259 4422 dolorem

262 4474 418 4532 vestrum
434 4449 465 4543 ²)
490 4449 644 4520 extincto
668 4445 880 4519 Reverendo
903 4447 1008 4522 Patre
1036 4466 1181 4541 nostro,
1213 4451 1258 4525 D.
1311 4446 1378 4518 No.
1394 4447 1505 4520 3384.
2108 4471 2186 4548 (21.
2202 4465 2307 4547 Febr.)

263 4553 445 4630 Martiae
459 4543 649 4634 Luthero,
675 4573 716 4618 eo
739 4551 957 4620 acerbiorem
973 4554 1069 4640 lore,
1094 4579 1165 4648 quo
1181 4578 1259 4626 ma·
1317 4544 1490 4574 Μ
1740 4645 1745 4648 -
2129 4557 2303 4588 *⁵⁶

264 4665 316 4752 gis
340 4673 487 4752 paterno
501 4651 532 4749 ³)
559 4675 679 4722 amore
706 4674 769 4720 vos
784 4649 815 4746 ⁴)
844 4655 1046 4744 complexus
1075 4669 1128 4726 est
1144 4653 1259 4750 ⁵),'et
1651 4637 1952 4726 Academicis,
2165 4647 2172 4660 ⁸

263 4764 411 4831 Verebar
437 4754 650 4828 “mestitiam
678 4753 816 4841 mgnlla
847 4769 960 4826 molle
980 4758 1110 4826 fflmmi
1131 4759 1200 4828 Viri
1224 4773 1260 4830 el
1380 4791 1486 4862 Scripta
1501 4793 1575 4864 publ.
1591 4794 1613 4856 l.
1628 4816 1654 4868 p.
1666 4798 1725 4852 150.
1740 4809 1766 4853 et
1778 4801 1954 4872 apographon
1970 4801 1996 4853 in
2011 4801 2075 4857 cod.
2088 4799 2240 4859 Gothdffi.
2253 4803 2307 4860 sol.
2369 4779 2370 4792 ἵ

265 4863 370 4934 amici
386 4860 449 4946 tui,
474 4853 673 4928 valetudini
688 4867 768 4924 tuae
783 4857 983 4927 nocituram
997 4880 1087 4928 esse:
1119 4857 1257 4932 Tamen
1414 4863 1507 4988 ffiqu
1510 4863 1730 4992 5221222212111
1749 4887 1765 4922 ³
1783 4870 1959 4926 Melanthum
1980 4869 2041 4942 ipio
2060 4869 2217 4942 protecium
2237 4895 2307 4942 em,

1698 4957 1710 4991 8
1724 4973 1732 4990 ι

299 5151 327 5210 1)
345 5146 464 5199 sciebam
483 5138 580 5196 excidit
594 5159 608 5194 e
620 5139 682 5194 cod.
698 5136 816 5210 Guelpb.

299 5231 328 5291 2)
346 5232 429 5282 dolor
443 5241 521 5278 meus
534 5223 598 5282 cod.
612 5221 730 5293 Guelpb.
1347 5233 1378 5301 6)
1399 5230 1467 5291 ρο),
1482 5233 1599 5305 Gueqpqh
1609 5240 1682 5293 dm,
1695 5249 1769 5296 pum·

300 5317 328 5384 8)
348 5312 418 5369 cod.
433 5307 551 5381 Guelpb.
567 5307 707 5374 husim-0,
727 5309 794 5376 quia
808 5311 864 5364 seio
879 5321 1074 5376 sempeterna
1088 5322 1138 5372 etc.
1346 5319 1378 5383 7)
1397 5317 1465 5372 coil.
1481 5318 1597 5392 Guelph.
1611 5328 1795 5382 cremonam,

300 5400 329 5458 4)
349 5395 419 5456 cod.
436 5389 552 5463 Guelpb.
566 5407 629 5446 nos.
1346 5402 1375 5469 8)
1395 5401 1462 5456 Cod.
1478 5395 1596 5476 Guelpb.
1612 5411 1719 5466 babuit

302 5487 330 5554 5)
351 5480 420 5540 cod.
434 5476 553 5550 Guelpb.
569 5479 750 5542 complexum
768 5493 837 5532 esse.
1349 5487 1378 5556 9)
1395 5489 1479 5547 Peuc.
1494 5491 1646 5557 privatim,
1667 5496 1729 5552 cod.
1745 5493 1863 5572 Guelpb.
1873 5499 2032 5566 privatam,
