4682 6254
228 507 334 580 datae
357 521 452 584 sunt.
493 449 601 580 'Bene
626 517 661 577 et
683 503 834 576 feliciter
858 503 973 575 valeat
990 495 1085 574 Cels.
1099 493 1144 568 Τ.
1167 495 1226 567 die

232 607 294 684 17.
308 607 476 684 Deccmb.

232 933 301 1030 No.
315 935 430 1007 6667.

234 1029 448 1068 Μ

1061 943 1119 1008 17.
1131 935 1226 1000 Decii.

1063 1026 1223 1055 “r

506 1145 655 1230 Ioaeh.
688 1141 946 1248 Camerario.

284 1324 372 1398 Epist.
388 1325 423 1381 acl
442 1325 580 1384 Gamerae.
598 1325 689 1400 psat
700 1342 742 1396 sq.
767 1324 824 1394 (ed.
843 1322 930 1381 tout.
948 1319 997 1376 lib.
1018 1313 1066 1376 lV.
1086 1339 1132 1394 ep.
1143 1319 1226 1388 716).

233 1473 458 1556 Clarissimo
476 1491 510 1554 et
527 1491 598 1582 opt.
615 1483 693 1555 viro
707 1477 911 1554 eruditione
928 1489 959 1551 et
977 1479 1106 1550 virtute
1120 1501 1228 1576 prae-

231 1586 353 1657 stanti
374 1581 400 1655 I
409 1579 538 1664 oncle.
559 1579 625 1659 Ca
633 1611 681 1662 m.
701 1581 816 1658 Bam.
832 1582 951 1654 amico
970 1592 1002 1652 et
1017 1580 1145 1683 fratri
1161 1604 1229 1651 sao

627 1712 840 1772 carissimo,

229 1813 274 1908 S.
299 1831 345 1908 D.
396 1832 541 1906 Nullius
561 1829 720 1904 hominis
739 1832 779 1903 in
804 1823 875 1903 sita
898 1834 1116 1903 consuetudo
1136 1826 1227 1900 mihi

230 1937 421 2034 iucundior
436 1936 525 2022 fuit,
546 1960 653 2028 quam
671 1949 743 2022 tua,
768 1949 803 2008 et
817 1959 920 2027 spero
939 1932 1227 2004 coniunctionem

230 2053 386 2110 nostram
403 2053 479 2109 tum
498 2040 656 2128 exemplo
673 2038 848 2130 profuisse
865 2037 987 2106 multis
1003 2035 1126 2120 bonis,
1150 2049 1226 2106 tum

228 2163 316 2210 vcro
331 2140 436 2210 ctiam
452 2140 490 2209 in
507 2139 634 2210 studiis
647 2140 859 2226 litterarum,
876 2138 1008 2208 iudicia
1023 2137 1225 2230 aliquorum

230 2243 370 2314 rexisse.
403 2237 452 2312 Et
467 2242 632 2333 deinceps
648 2242 871 2334 profuturam
886 2263 999 2332 spero.
1031 2238 1115 2309 Non
1130 2239 1225 2308 enim

229 2344 375 2434 frangor
400 2343 521 2412 animo
537 2358 682 2434 propter
698 2337 762 2413 hos
777 2343 971 2427 tumultus,
1001 2341 1084 2435 quia
1100 2338 1226 2418 Eccle-
1329 2391 1339 2418 .

230 2445 318 2514 siam
336 2445 408 2515 Dei
429 2468 632 2514 mansuram
654 2468 727 2514 esse
745 2469 818 2515 non
835 2445 978 2528 dubito,
1007 2443 1113 2515 etiam
1132 2443 1226 2512 inter

225 2545 351 2616 ruinas
371 2567 582 2638 regnorum,
607 2571 698 2640 qnae
720 2548 848 2617 mtrltas
870 2545 986 2616 tristes
1010 2545 1225 2644 mutationes

229 2649 352 2719 multis
375 2651 420 2718 de
443 2648 573 2719 caussis
594 2643 737 2721 habent.
788 2645 866 2718 Etsi
886 2661 1004 2718 autem
1022 2648 1224 2719 animorum

229 2750 411 2821 distractio
438 2751 536 2819 nulla
559 2749 643 2836 crit,
676 2765 709 2820 et
724 2750 877 2822 amicitia
893 2763 1015 2819 nostra
1029 2748 1067 2816 in
1083 2762 1225 2818 aeterna

230 2852 302 2920 vita
318 2852 498 2933 fruemur,
519 2864 639 2921 tamen
658 2875 754 2922 nunc
770 2853 873 2922 doleo
887 2850 1055 2942 impediri
1071 2848 1225 2918 familia-

154 3025 163 3034 ,
230 2955 371 3024 ritatem
396 2979 458 3025 seu
484 2977 690 3044 congressus
714 2967 864 3024 nostros.
918 2949 1012 3022 lstuc
1036 2950 1132 3020 enim
1150 2973 1225 3018 non

231 3058 392 3125 accedam
419 3068 564 3151 propter
587 3077 767 3124 sermones
789 3054 1045 3122 malevolorum
1067 3051 1106 3120 in
1126 3064 1226 3121 utra-

226 3169 299 3252 ·qne
327 3172 445 3248 parte,
477 3156 582 3225 multi
597 3157 691 3226 enim
708 3167 789 3225 sunt
805 3155 949 3246 ubique.
999 3151 1072 3224 Nec
1087 3165 1226 3225 tantum

137 3297 139 3304 ⁴
224 3267 312 3328 'meo
336 3261 396 3326 sed
422 3259 527 3327 etiam
547 3273 607 3327 tuo
623 3257 781 3349 periculo
799 3280 956 3329 moveor.
998 3251 1056 3324 Et
1069 3254 1227 3324 fortassis

231 3360 391 3448 proderit
413 3358 594 3452 aliquanto
618 3372 697 3450 post
720 3357 823 3450 Reip.
840 3381 905 3426 nos
924 3380 1021 3426 nnnc
1036 3381 1110 3426 non
1124 3379 1227 3448 prae-

151 3473 155 3486 “
230 3461 351 3532 buisse
375 3477 552 3528 sermones
575 3460 675 3530 aulis.
728 3457 884 3553 Tibique
908 3470 942 3528 et
957 3452 1226 3528 honestissimae

233 3561 375 3651 coniugi
399 3573 480 3630 tuac
502 3563 647 3648 gratiam
671 3573 705 3632 et
727 3556 842 3630 habeo
865 3572 900 3631 et
922 3561 1048 3630 debere
1068 3584 1125 3629 me
1142 3583 1228 3650 pro-

234 3665 352 3747 fiteor,
387 3665 482 3756 qnod
509 3658 576 3732 hoc
592 3663 685 3733 tristi
702 3678 824 3734 nostro
841 3677 998 3752 tempore
1015 3673 1087 3731 tam
1104 3685 1229 3730 aman-

234 3779 289 3836 ter
305 3764 523 3856 pollicemini
541 3765 646 3834 nobis
661 3778 694 3835 et
713 3765 828 3834 officia
846 3779 978 3843 vestra,
1010 3777 1045 3833 et
1066 3763 1240 3833 fortuna-¹

235 3889 316 3937 rum
336 3867 556 3950 societatem,
581 3863 678 3935 Deus
702 3865 855 3934 vicissim
879 3865 947 3938 tibi
967 3878 1001 3934 et
1024 3865 1094 3934 tuis
1119 3865 1230 3935 hene-

227 3969 356 4053 ·faciat,
383 3981 425 4038 ut
445 3967 614 4059 scriptum
638 3981 705 4037 est:
747 3964 876 4040 Beatus
900 3967 955 4036 vir
978 3967 1040 4060 qui
1061 3964 1230 4055 intelligit

225 4091 341 4162 'snper
355 4091 503 4158 egenum
526 4084 560 4139 et
578 4093 778 4161 pauperem.

340 4169 449 4242 Redit
464 4171 502 4238 in
515 4171 685 4261 oppidum
699 4165 955 4254 Ascaniorum‚
980 4169 1063 4263 quia
1080 4167 1231 4240 Senatus

237 4263 540 4368 Parthenopaeus
569 4284 728 4342 metuens
756 4269 992 4364 frequentiam
1019 4265 1231 4340 abhorrebat

239 4369 381 4445 aPubl.
400 4371 705 4464 praelectionibus.
767 4371 860 4444 Urbs
875 4367 1024 4442 Brenni
1045 4395 1109 4441 nos
1137 4371 1229 4440 invi-

239 4487 330 4544 taret
352 4473 504 4544 offerens
525 4472 629 4540 etiam
646 4486 792 4546 sumtus.
845 4474 912 4545 Sed
933 4476 962 4544 si
978 4475 1091 4544 llectet
1108 4475 1152 4542 acl
1169 4499 1232 4564 pa-

240 4599 315 4646 cem
330 4575 469 4644 animos
485 4573 685 4666 principum
697 4571 806 4661 Deus,
828 4577 952 4645 redibo
969 4575 1003 4655 ἐς
1015 4570 1233 4670 μυρμηκίαν

240 4672 423 4770 ἡμετέραν
438 4673 477 4768 ¹).
530 4673 602 4748 Sed
624 4677 781 4770 prolecto
796 4671 1006 4766 cum'cogito
1024 4677 1145 4772 quales
1163 4681 1234 4746 sint

242 4791 388 4848 naturae
414 4778 633 4870 principum,
668 4777 797 4848 deinde
828 4802 980 4871 qnorum
1010 4792 1233 4870 peccatorum

240 4876 328 4949 haec
352 4880 444 4947 mala
464 4874 639 4975 canapini
649 4880 751 4972 sint,
788 4878 913 4950 dubito
939 4894 1110 4974 qnantum
1134 4905 1234 4952 meus

241 4975 420 5051 Dominus
439 4983 535 5072 apud
557 4984 746 5075 utrumque
765 4980 926 5052 obtinere
942 4981 1064 5071 possit.
1115 4979 1163 5052 Et
1181 4995 1235 5052 ta-

244 5104 325 5150 men
345 5101 446 5174 spero
460 5079 578 5152 Deum
597 5083 790 5154 mediocres
806 5094 953 5153 eventus
969 5084 1136 5153 daturum
1149 5107 1233 5156 esse.

242 5180 394 5254 Senator
424 5181 569 5274 quidam
600 5180 888 5276 Parthenopaeus
922 5208 1038 5274 nuper
1069 5183 1159 5255 dixit
1190 5187 1234 5254 cle

242 5284 338 5354 bello
355 5284 627 5372 foederatorum,
652 5281 797 5384 τυφλὸν
814 5281 1060 5359 aianeoane
1073 5277 1244 5388 πόλεμον

279 5511 305 5578 1)
324 5509 453 5566 Araden.
470 5507 611 5582 bliteberg.
738 5479 740 5486 >

822 263 1268 454 arrsronanou
1324 315 1432 402 cre.
1461 313 1508 388 rc
1557 312 1693 392 isco.

2189 301 2272 378 eet

1274 487 1340 566 nai
1372 488 1525 586 ἔχοντας
1555 482 1672 587 ὑγιεῖς
1703 474 1946 580 ὀφθαλμοὺς,
1986 477 2020 551 d
2044 469 2274 571 lodte'rpovoe

1274 599 1411 668 τοῦτον
1431 585 1613 684 πόλεμον,
1645 580 1812 682 τυφλοὺς
1833 577 2021 682 γίνεσθαι.
2070 578 2184 654 Recte
2199 577 2272 645 ille.

1275 693 1368 768 Cum
1392 695 1502 786 igitur
1515 690 1645 762 nostris
1663 687 1822 760 consiliis
1835 705 1892 756 res
1905 682 2092 756 obscuriss.
2104 678 2181 771 regi
2196 699 2274 748 non

1277 798 1430 890 possint,
1462 792 1579 866 Deum
1602 812 1744 863 oremus
1766 801 1807 858 nt
1820 785 1894 880 ipse
1917 786 2110 876 gubernet,
2142 793 2178 851 ct
2196 803 2275 849 ser-

1277 913 1336 970 vet
1350 896 1529 969 Ecclesiae
1551 918 1633 966 suae
1649 890 1835 984 reliquias:
1849 913 1854 922 ·
1869 886 2066 960 meministi
2077 907 2135 953 me
2149 882 2276 952 videre

1277 1000 1319 1074 ἐν
1339 995 1490 1094 ὀνείρῳ,
1518 997 1689 1090 quosdam
1706 986 1946 1084 καθημένους
1958 988 2001 1062 ἐν
2014 981 2149 1082 ὑψηλῷ
2160 978 2273 1076 τείχει

1276 1096 1340 1174 καὶ
1357 1096 1523 1195 ὁρᾶσθαι
1536 1094 1605 1176 τὸν
1618 1088 1789 1187 πόταμον
1805 1089 1916 1188 disier
1933 1083 2171 1184 αἱματόεντα.
2224 1081 2274 1154 Et

1276 1219 1395 1276 tamen
1406 1202 1571 1271 'sedimus
1587 1198 1720 1278 illaesi,
1750 1195 1847 1292 quod
1862 1193 2000 1264 nfinam
2015 1190 2143 1262 studiis
2160 1187 2275 1279 signi-

1275 1308 1356 1378 ficet
1372 1303 1625 1376 restituendam
1643 1323 1716 1370 esse
1729 1300 1849 1368 sedem
1866 1293 2108 1389 tranquillam.

1378 1402 1514 1496 Scripsi
1542 1403 1661 1474 subito
1690 1414 1725 1471 et
1754 1400 1857 1470 mitto
1885 1398 1992 1466 aliam
2017 1393 2206 1487 epistolam
2229 1391 2275 1459 ad

1276 1501 1543 1588 Macedonem,
1576 1529 1682 1600 quarn
1705 1496 1865 1571 exhiberi
1880 1500 1985 1584 voto,
2008 1498 2165 1588 priorem
2183 1485 2275 1560 mihi

1277 1612 1402 1682 alferat
1416 1605 1458 1680 U
1457 1604 1581 1676 tricos.
1628 1603 1725 1675 Bene
1742 1616 1776 1673 et
1789 1600 1940 1672 feliciter
1954 1599 2044 1671 vale.
2085 1595 2184 1667 Deus
2200 1617 2276 1662 ser-

1277 1725 1337 1785 vet
1357 1725 1390 1782 te
1413 1725 1447 1782 et
1468 1703 1655 1782 honestiss.
1677 1705 1863 1794 coniugem
1879 1716 1988 1776 tuam.
2039 1695 2160 1770 Hodie
2176 1711 2277 1767 tuam

1277 1837 1436 1906 graecam
1454 1807 1654 1903 Epistolam
1676 1806 1812 1897 accepi,
1847 1817 1881 1876 et
1904 1801 2093 1875 honestiss.
2110 1796 2277 1886 coniugis

1276 1931 1377 2001 tuae,
1408 1914 1469 1986 cni
1498 1909 1720 2003 respondebo
1749 1907 1861 1981 brevi.
1924 1905 2058 1998 lterum
2081 1903 2182 1986 vale,
2217 1899 2276 1968 dic

1275 2015 1394 2092 XVIl.
1416 2014 1635 2087 Decembris.
1702 2006 1841 2079 Allatas
1866 2020 1951 2079 sunt
1973 2007 2111 2078 litterae
2133 1999 2277 2092 Argen-

1275 2133 1487 2203 toratenscs,
1509 2139 1614 2210 quac
1644 2128 1762 2184 tamen
1791 2105 1908 2180 adhuc
1938 2122 2023 2179 sunt
2050 2105 2277 2194 Vitebergae‚

1275 2223 1341 2294 uhi
1356 2243 1521 2314 accepero
1535 2218 1604 2290 tibi
1621 2216 1769 2287 mittam.
2137 2285 2142 2292 ,

1839 2309 2030 2406 Philippus
2044 2301 2226 2380 Melanth.

1277 2559 1670 2577 -ῆᾘ--μ--θ

2079 2653 2090 2664 ⁸
2146 2641 2225 2787 (boo
2240 2705 2279 2779 t.)

2138 2801 2279 2828 Μ

1295 2725 1362 2798 No.
1376 2719 1490 2796 3668.

1284 2821 1496 2856 Μ

1607 2912 1700 2996 Iao.
1730 2907 1940 3004 Milionia.

1294 3105 1296 3111 '
1347 3087 1595 3146 Editsallallenct.
1610 3083 1640 3138 in
1657 3080 1736 3152 epist.
1751 3080 1818 3136 Mel.
1833 3079 1917 3133 decad
1935 3077 1954 3130 l.
1974 3074 2028 3128 No.
2043 3073 2068 3128 8.
2088 3101 2123 3113 -
2153 3075 2279 3142 Apogrn·

1380 3159 1475 3234 pltris
1488 3155 1551 3212 cod.
1563 3153 1647 3209 Goth.
1656 3153 1719 3206 101.
1740 3169 1764 3222 p.
1778 3147 1847 3206 611).
1858 3157 1888 3202 et
1902 3145 1930 3200 tn
1944 3144 2007 3200 cod.
2019 3141 2104 3214 hang.
2123 3161 2150 3214 p.
2167 3143 2210 3194 19.
2264 3195 2271 3202 ,

1529 3329 1624 3413 viro,
1650 3319 1853 3396 eruditione
1877 3327 1908 3388 et
1925 3314 2052 3386 virtute
2067 3309 2280 3412 praestanti

1566 3421 1821 3508 Milichie,
1857 3420 1954 3492 artis
1981 3413 2142 3488 medicae
2168 3411 2279 3484 Doct.

1279 3513 1312 3613 el
1335 3535 1443 3638 Pras.
1469 3533 1509 3605 in
1534 3527 1648 3605 Acod.
1676 3525 1877 3646 Viteberg„
1899 3521 2035 3694 iiiam
2057 3541 2126 3588 sao
2148 3516 2278 3588 conss.

1501 3653 1503 3666 ’
1554 3631 1595 3710 S.
1609 3629 1661 3708 D.
1679 3625 1881 3726 Philippus
1954 3620 1998 3697 el.

1282 3773 1335 3864 Et
1352 3793 1471 3861 literas
1485 3799 1563 3858 tuas
1578 3783 1696 3874 accepi
1712 3780 1857 3852 traditas
1873 3775 2016 3864 coniugi
2030 3773 2077 3846 D.
2096 3767 2278 3866 Augusti-

1281 3893 1323 3965 ni
1335 3890 1383 3982 ²),
1418 3904 1454 3960 et
1474 3879 1617 3979 ἀποχάς
1633 3883 1664 3980 ²)
1688 3885 1733 3954 de
1754 3878 1941 3971 stipendiis
1964 3877 2157 3960 absolutis,
2192 3896 2277 3966 quas

1281 3994 1427 4068 exhibui
1449 3992 1493 4063 D.
1515 3985 1728 4078 Augsntino.
1790 3981 1844 4052 De
1866 3973 2026 4048 Lucano
2053 3979 2208 4064 scribom
2232 3977 2276 4044 ad

1281 4093 1538 4190 Cracigernm‚
1575 4112 1656 4159 cum
1685 4107 1808 4155 rursus
1840 4084 1879 4152 in
1914 4081 2086 4172 oppidum
2115 4095 2276 4150 nostrum

1281 4199 1380 4276 hunc
1406 4218 1525 4266 meum
1549 4213 1728 4260 cursorem
1750 4185 1910 4263 mittam,
1942 4195 2118 4272 eruntque
2141 4195 2276 4250 caetera

1283 4297 1375 4372 mihi
1404 4321 1525 4381 curae,
1556 4296 1608 4371 ,de
1637 4290 1770 4383 quibus
1791 4284 1960 4376 scripsisti
1974 4279 2016 4378 ³).
2081 4279 2275 4374 Aliquanto

1283 4403 1423 4475 facilins
1447 4401 1521 4468 fero
1545 4394 1689 4464 exilium
1703 4388 1732 4486 ⁴)
1758 4412 1836 4458 mea
1859 4409 1980 4470 cansa,
2013 4409 2121 4476 quam
2146 4398 2277 4462 vestra;

1285 4511 1343 4576 sed
1378 4485 1626 4592 cogitationem
1659 4495 1704 4562 de
1735 4489 1839 4560 nobis
1865 4488 1987 4558 obruit
2011 4486 2139 4573 ingens
2166 4485 2279 4562 dolor,

1284 4631 1389 4700 quern
1415 4623 1456 4672 er
1479 4597 1603 4693 populi
1624 4593 1765 4664 miseria
1788 4588 1941 4680 accipio,
1973 4600 2062 4680 quae
2082 4587 2192 4656 linem
2206 4607 2279 4654 non

1285 4707 1451 4778 habitura
1472 4700 1501 4798 ⁸)
1534 4700 1695 4780 videtur,
1738 4713 1953 4787 quocunqne
1990 4711 2045 4758 res
2080 4685 2280 4758 inclinabit.

1286 4809 1418 4903 Estque
1434 4797 1465 4900 ὅ)
1480 4799 1568 4872 haec
1583 4793 1740 4891 Mysia,
1765 4817 1856 4889 quac
1870 4793 1933 4861 diu
1947 4791 2017 4862 fuit
2028 4789 2277 4860 florentissima

1278 3331 1506 3410 Clarissimo

1278 3437 1331 3515 D.
1357 3429 1533 3508 Iacobo

1295 4969 1524 4995 ‘nd

1321 5077 1348 5144 1)
1366 5071 1438 5136 Aug.
1453 5060 1585 5137 Sdmrld.

1318 5163 1352 5232 2)
1370 5155 1437 5211 Ball.
1447 5148 1591 5205 cuendose:
1606 5137 1719 5215 inopie.
2176 5169 2179 5177 .

1318 5247 1347 5314 8)
1368 5245 1413 5299 De
1432 5237 1546 5292 Lucano
1559 5259 1594 5272 -
1605 5227 1748 5296 sabrate]
1766 5241 1823 5278 non
1837 5219 1966 5292 leguntur
1978 5217 2008 5272 in
2022 5215 2086 5273 corl-
2101 5213 2187 5273 Goth.
2198 5215 2257 5270 tot.

1318 5331 1350 5400 4)
1367 5321 1499 5387 exiliant]
1511 5313 1608 5370 excidit
1622 5332 1636 5366 e
1651 5321 1722 5364 textu
1738 5305 1868 5362 Bellenst.
1881 5313 1908 5359 et
1923 5301 1987 5361 cod.
1999 5301 2087 5373 Lang.

1318 5415 1347 5482 ὅ)
1366 5409 1435 5466 Bell.
1449 5413 1476 5458 et
1490 5399 1553 5456 cod.
1565 5397 1649 5468 hang.
1661 5396 1795 5448 habituro
1808 5408 1875 5446 noer.

1318 5498 1349 5566 6)
1367 5491 1437 5550 Ball.
1450 5499 1477 5544 et
1489 5484 1553 5545 cod.
1567 5483 1659 5552 hang.
1670 5479 1788 5548 eritque.
