4762 6256
267 361 316 436 dd
846 337 1284 426 EPISTULARUM
1338 335 1448 416 LlB·
1482 335 1529 416 X.
1582 336 1731 424 154&
1899 351 1902 362 '
2253 337 2303 408 36

269 535 427 610 materiis
449 525 679 603 confessionis
694 528 831 598 volunt.
881 521 1024 604 Nostri,
1049 520 1132 616 quia
1157 541 1258 612 saepe
1313 512 1501 607 colloquii,
1527 510 1615 607 quid
1644 511 1729 586 item
1753 535 1862 606 porro
1884 509 2098 608 sperandum
2122 502 2187 600 sit,
2221 514 2306 586 satis

271 643 322 716 eis
344 634 530 721 obiicitur,
555 633 650 725 quod
674 630 720 701 ab
734 625 892 701 Ecclesia
906 623 1115 712 defecerint,
1137 633 1260 715 prote-
1312 617 1516 708 intelligetis
1539 640 1581 686 aa
1601 610 1658 685 his
1681 616 1920 708 positionibus
1941 612 2001 687 hic
2019 615 2177 691 inclusis.
2228 613 2306 686 lla-

273 743 459 817 stationem
474 731 730 818 exhibuerunt,
753 731 792 801 in
812 753 881 826 qua
898 729 1104 808 adfirmant,
1129 749 1167 795 se
1183 747 1259 794 am·
1312 721 1437 792 bemus
1460 741 1600 808 gregem
1623 719 1805 789 variorum
1821 712 2078 788 monachorum
2099 732 2306 788 nostrorum

273 843 377 940 plecti
399 837 629 910 consessionis
646 829 888 928 Augustusne
906 830 1106 902 doctrinam
1127 841 1161 898 et
1184 849 1258 895 non
1313 821 1471 892 etleeem
1486 814 1739 901 christianum,
1764 821 1824 890 sed
1849 821 2029 912 experior,
2054 819 2174 889 adesse
2198 821 2307 891 nohis

273 947 471 1020 abiecturos
489 962 580 1024 esse,
605 951 640 1008 et
660 932 750 1006 hanc
766 935 943 1004 affirmant
960 953 1033 1002 esse
1047 951 1259 1001 consensum
1311 917 1515 1007 Christum,
1540 920 1603 1015 qui
1624 944 1732 1012 porro
1747 921 1849 992 dabit
1864 945 1904 991 os
1919 937 1953 993 et
1967 921 2187 1014 sapientiam.
2239 921 2307 992 Ni-

273 1042 467 1121 catholicae
481 1038 658 1110 Ecclesiae
672 1037 749 1116 dei,
776 1049 811 1106 et
831 1035 972 1119 dicunt,
998 1057 1034 1102 se
1050 1031 1143 1100 velle
1165 1022 1258 1098 hanc
1313 1020 1366 1094 hil
1382 1025 1469 1096 certi
1484 1024 1648 1093 audimus
1665 1021 1945 1114 delmpcratoris
1961 1026 2117 1093 adventu
2133 1035 2168 1094 et
2182 1025 2226 1093 de
2243 1049 2305 1094 cn-

272 1145 527 1222 conlessionem
553 1166 620 1234 pro
647 1138 795 1232 repetito
823 1131 963 1209 habere.
1021 1133 1147 1204 Postea
1170 1132 1259 1200 ordo
1312 1121 1435 1196 mitiis.
1488 1115 1758 1224 IulinsPflng‚
1784 1147 1989 1218 quanquam
2013 1120 2072 1194 hic
2093 1123 2158 1209 sit,
2183 1139 2304 1196 tamen

273 1251 324 1323 sic
338 1246 522 1322 institutus
539 1255 606 1312 est:
1312 1227 1465 1298 abstinet
1479 1227 1524 1296 ab
1539 1227 1736 1319 colloquio,
1760 1227 1864 1296 credo
1879 1240 2023 1319 propter
2037 1225 2226 1296 articulum
2250 1229 2304 1298 iu-

372 1337 601 1419 Matomdae
626 1353 827 1434 opponatur
857 1333 1087 1417 Bararus,
1311 1327 1532 1400 stificationis
1547 1328 1586 1398 in
1603 1328 1716 1422 priori
1731 1327 1909 1422 colloquio
1934 1328 2171 1402 conciliatum.
2221 1327 2304 1408 Noa

272 1425 276 1432 ⁸
372 1431 796 1521 MonachoColomensi
843 1432 1151 1532 D.Georgins,
1312 1443 1411 1501 vacat
1426 1431 1496 1499 iam
1516 1431 1632 1521 plura.
1683 1425 1804 1518 Quare
1819 1429 2001 1516 valebitis,
2026 1429 2095 1498 viri
2109 1431 2305 1500 observan-

372 1534 838 1621 MonachoColmorr'cnsi
887 1537 917 1610 S
925 1534 1122 1635 chncppi
1130 1558 1201 1621 ns,
1311 1531 1362 1605 di.
1419 1527 1536 1622 Cupio
1566 1530 1713 1601 salutari
1739 1554 1817 1600 meo
1847 1533 1992 1602 nomine
2021 1527 2068 1606 D.
2088 1529 2304 1622 Magistrum

372 1641 531 1724 Cochlco
578 1641 824 1716 Bromius.
1310 1627 1566 1714 Benedictam,
1591 1629 1640 1703 Ι).
1665 1629 1717 1704 Μ.
1741 1625 1957 1702 Matidiam
1979 1645 2013 1702 et
2035 1655 2139 1722 rogo,
2170 1646 2212 1703 ut
2238 1657 2304 1702 nos

329 1803 338 1820 .
516 1797 524 1815 .
707 1793 716 1810 .
856 1791 864 1808 .
1013 1791 1021 1807 .
1312 1734 1436 1805 vestris
1457 1733 1680 1806 orationibus
1704 1732 1844 1809 iuvetis.
1902 1731 2120 1816 Ratisbona,
2149 1733 2208 1809 10.
2232 1731 2302 1805 Fe.

268 1801 466 1896 Episcopus
479 1789 736 1870 Erchstctensrs
749 1802 884 1882 excepit
896 1793 1047 1882 prandio
1064 1788 1259 1858 collocuto-
1311 1836 1448 1907 bmaffi
1463 1835 1573 1912 1546.

269 1929 345 1990 res,
363 1917 398 1974 et
417 1914 537 1991 postca
559 1899 701 1985 longam
724 1892 998 1984 disputationem
1022 1890 1171 1960 cumeis
1191 1883 1258 1956 ha·
1916 1883 1962 2006 V·
1977 1933 2098 2028 Georg
2122 1935 2245 2010 Maior

267 2007 366 2090 huit,
390 2023 480 2097 qnae
495 1997 687 2092 perscripta
703 2007 756 2066 est
771 1993 985 2086 inpagellis,
1010 2005 1198 2087 quaesunt
1219 1989 1257 2058 in
2098 1988 2109 2013 ·
2244 1988 2255 2012 ·

246 2103 457 2177 'fasciculis
505 2095 585 2172 Hoc
607 2119 749 2192 quoque
771 2095 1024 2180 constitutum,
1048 2116 1094 2162 ne
1115 2115 1258 2184 apran-
1511 2115 1570 2192 Ab
1596 2115 1824 2192 adversariis
1847 2119 2096 2221 propositas).

268 2207 330 2280 dio
346 2204 578 2275 collocutores
593 2199 793 2292 disputent,
815 2197 877 2268 sed
892 2207 1030 2270 tantum
1050 2208 1132 2266 ante
1148 2217 1258 2288 pran-

267 2308 369 2382 dium
381 2296 432 2402 a).
1313 2255 1353 2350 1)
1378 2253 1504 2326 Fidem
1522 2277 1596 2326 esse
1612 2255 1756 2326 initium
1772 2255 2049 2344 iustificationis,

1308 2360 1351 2453 2)
1379 2381 1517 2428 causam
1533 2381 1607 2428 esse
1625 2358 1730 2427 fidem
1751 2358 1955 2446 formalem,

1311 2457 1354 2556 3)
1379 2453 1562 2533 Christum
1582 2459 1850 2551 propitiatorem
1867 2483 1958 2546 esse,

1310 2559 1352 2660 4)
1378 2584 1485 2652 opera
1499 2561 1742 2652 praecedentia
1758 2584 1966 2652 praeparare
1982 2561 2136 2656 quodam
2152 2565 2264 2634 modo

293 2667 361 2742 No.
377 2667 491 2742 saw.
1095 2669 1151 2734 10.
1169 2660 1272 2726 lioba·
1360 2659 1489 2753 2Reg.
1512 2661 1595 2732 Non
1610 2661 1731 2733 vidisti
1746 2657 1861 2732 Assah
1874 2657 2100 2735 humiliatum
2119 2663 2300 2758 corum(?)

271 2765 484 2804 *Ν
1076 2752 1250 2786 '⁶⁹⁹
1360 2759 1468 2843 Item,
1484 2760 1565 2838 ace
1582 2762 1715 2834 dicitur
1731 2762 1871 2835 Simoni
1885 2775 1926 2835 ut
1939 2765 2195 2857 poenitentiam
2213 2780 2300 2856 agat.

539 2859 685 2945 Maior
713 2852 777 2940 od
801 2855 970 2940 Ῑοηανη.
1309 2862 1354 2961 5)
1379 2859 1502 2954 Opera
1516 2857 1674 2934 hominis
1689 2865 1774 2936 iusti
1788 2879 1919 2956 augent
1939 2866 2109 2939 iustitiam
2124 2867 2245 2962 eisque
2262 2868 2298 2934 in

332 3027 353 3093 ,s
374 3023 411 3078 E!
435 3018 605 3093 autographo
623 3015 676 3072 Ge.
697 3013 815 3072 tudam
840 3013 870 3068 in
888 3015 1002 3070 volun.
1020 3011 1104 3086 ΕΜ
1122 3012 1256 3085 Mum·
1413 2959 1559 3034 homme
1575 2965 1761 3038 iustificata
1783 2969 1947 3038 reddetur
1962 2964 2096 3040 Chrrstr
2117 2968 2300 3053 henelicm,

363 3111 407 3164 ep.
425 3089 473 3146 79.
1411 3087 1545 3136 merces
1560 3081 1712 3141 aeterna.
1764 3067 1898 3140 Probat

425 3243 485 3262 ,,
695 3237 701 3258 ,
828 3233 871 3254 ..
1359 3160 1831 3261 Apo:ult.quiiustusest,
1857 3164 2197 3241 iustificeturadhuc
2366 3169 2367 3248 l

264 3239 502 3322 Clarissima
528 3250 559 3312 el
585 3235 749 3312 Doctrss.
780 3231 820 3312 V
819 3260 908 3318 tras,
943 3232 1060 3309 Dom.
1087 3233 1114 3306 I
1126 3263 1149 3307 n
1167 3262 1187 3310 s
1203 3245 1256 3308 to
1359 3265 1507 3340 paulus,
1532 3271 1669 3340 bonum
1685 3281 1860 3340 certamen
1878 3285 1971 3342 effla
1987 3285 2051 3347 etc·
2365 3283 2366 3366 q

265 3347 295 3420 I
306 3368 464 3426 onae,
486 3339 536 3460 ‚T
536 3336 746 3458 71‘01051'0‘2
775 3345 807 3456 ‘f
832 3332 1000 3454 1,)θωίηο
1027 3325 1256 3454 thlian‘l
1357 3365 1506 3443 Matth:
1542 3369 1583 3442 st
1604 3370 1659 3440 vis
1687 3373 1861 3466 perlectus
1884 3395 1978 3454 esse,
2010 3375 2099 3443 vade
2124 3385 2159 3443 et
2183 3375 2297 3442 vende
2364 3395 2365 3484 q

265 3444 548 3528 Goldstesn,
572 3433 1147 3538 uersasqueanastasianam,
1169 3437 1255 3512 Do-
1407 3472 1530 3542 omni,
1545 3485 1611 3545 etc,
2363 3519 2364 3522 ,

1354 3571 1504 3644 Paulus:
1531 3574 1627 3667 quod
1643 3597 1766 3644 omnes
1779 3597 1847 3644 nos
1864 3575 2082 3646 manifestari
2100 3588 2164 3648 etc.
2363 3527 2364 3602 l

262 3660 309 3754 S.
358 3677 436 3752 Nisi
456 3677 603 3762 scirem,
625 3698 717 3770 quae
735 3671 892 3746 Domino
913 3665 1110 3770 Philippo,
1135 3677 1253 3754 cariss.
1357 3671 1450 3745 Gen.
1468 3675 1545 3744 22:
1571 3672 1641 3744 Per
1663 3688 1791 3747 memet
1811 3675 1929 3769 ipsum
1950 3676 2077 3751 iuvari.
2129 3675 2225 3746 Vide
2244 3675 2297 3746 la·
2362 3655 2363 3720 l

262 3779 480 3877 praeceptori
496 3801 595 3864 mco,
619 3777 824 3847 scribuntur
837 3774 883 3844 de
898 3774 1077 3869 colloquio
1091 3770 1160 3848 hoc
1183 3777 1252 3848 mi·
1407 3775 1536 3845 cobum
1551 3774 1590 3845 in
1606 3775 1765 3867 epistola.
2361 3763 2362 3838 l

263 3909 341 3958 sero
366 3900 399 3954 et
421 3881 501 3954 aliis
523 3881 629 3952 rebus
653 3901 692 3948 ea
713 3899 855 3970 quoque
869 3875 1124 3948 communicari
1139 3880 1251 3966 vobis,
1350 3872 1442 3946 Pet:
1468 3876 1593 3948 iratres
1615 3877 1759 3966 satagite
1783 3887 1825 3948 ut
1847 3899 1911 3970 per
1931 3880 2026 3950 bona
2041 3901 2148 3971 opera
2162 3892 2294 3949 certam
2360 3869 2361 3958 l

263 3999 298 4057 et
314 3987 402 4056 aliae
424 3982 556 4054 multae
579 4001 635 4050 res
655 4001 713 4048 me
736 3975 966 4070 impedirent,
992 3971 1060 4049 hoc
1080 3993 1250 4072 tempore,
1405 3979 1626 4048 vocationem
1642 3978 1790 4051 faciatis.
2359 3985 2360 4076 t

262 4087 451 4159 scriberem
480 4083 524 4154 de
553 4079 703 4171 singulis
732 4079 837 4150 rebus
863 4071 1069 4150 accuratius.
1129 4077 1250 4170 Quare
1351 4074 1499 4148 Paulus:
1525 4075 1648 4152 Beuef.
1663 4092 1727 4150 etc.
1750 4077 1870 4150 Nolite
1885 4079 2047 4150 oblivisci
2065 4093 2130 4151 etc.

261 4211 367 4279 rogo,
393 4197 433 4256 ut
447 4207 504 4253 me
518 4195 719 4254 excusatum
733 4173 901 4250 habeatis.
952 4178 1063 4251 Volui
1084 4183 1178 4250 enim
1194 4185 1249 4252 vel
1302 4174 1352 4246 Hi
1378 4178 1448 4249 loci
1469 4180 1643 4272 probant,
1675 4203 1781 4270 opera
1810 4203 1937 4270 augere
1964 4180 2135 4251 iustitiam
2157 4195 2192 4252 et
2223 4206 2296 4254 esse

262 4286 325 4362 has
340 4289 465 4358 breves
482 4283 655 4368 scribere,
678 4305 724 4350 ne
744 4280 830 4374 quid
852 4281 891 4350 in
913 4281 1025 4352 veteri
1042 4283 1156 4353 amico
1172 4283 1249 4354 osli·
1303 4279 1483 4351 meritoria
1498 4281 1590 4351 vitae
1606 4291 1787 4362 aeternae,
1814 4305 1889 4354 non
1904 4282 2000 4376 quod
2018 4281 2091 4352 sint
2113 4305 2224 4374 opera
2247 4286 2293 4354 ita

259 4393 306 4464 cii
323 4383 585 4466 desideraretis,
610 4397 645 4456 at
657 4403 748 4477 quae
768 4402 831 4470 ego
853 4381 957 4451 omisi
971 4383 1188 4472 cognoscetis
1209 4409 1250 4456 ex
1301 4379 1429 4468 digna,
1448 4381 1509 4450 sed
1524 4381 1621 4474 quod
1635 4404 1675 4452 ea
1689 4381 1797 4472 digna
1820 4382 1924 4473 faciat
1937 4383 2049 4472 gratia
2064 4379 2132 4452 Dei
2154 4407 2221 4476 per
2240 4385 2294 4458 le-

260 4491 424 4582 Magistri
439 4480 555 4560 Galla·
567 4483 697 4569 literis,
722 4481 779 4553 cui
795 4481 875 4574 plus
890 4493 941 4552 est
957 4483 1038 4552 ocii.
1301 4503 1380 4550 sum
1398 4475 1592 4556 Christum.

361 4621 436 4712 Qui
461 4620 534 4692 sint
558 4641 601 4688 ea
626 4616 771 4686 adversa
799 4625 899 4705 parte
920 4611 1152 4684 collocutores
1176 4615 1245 4684 iam
1410 4690 1449 4710 ..

259 4725 398 4820 pridem
409 4744 473 4793 vos
487 4717 693 4810 cognovisse
706 4726 814 4806 puto,
837 4706 1052 4783 Malcenda
1071 4739 1155 4786 vero
1179 4714 1247 4785 Hi.
1324 4687 1531 4766 Posatrones
1558 4691 1735 4768 adversae
1758 4697 1883 4794 partis
1909 4692 1952 4768 de
1978 4696 2057 4768 loco
2084 4693 2268 4792 t‘uslt‘fica-

257 4849 406 4920 spanus,
430 4820 670 4895 Caesareanua
688 4809 892 4912 Theologns
916 4807 985 4884 huc
1008 4815 1154 4900 missus,
1179 4812 1246 4887 ho-
1695 4796 1811 4868 lt'om's
1826 4794 1876 4894 ²)·

258 4952 319 5000 mo
339 4923 593 4997 audacissimus
618 4933 654 4992 et
679 4939 745 5011 pro
768 4938 867 4984 more
890 4915 1002 5003 gentis
1035 4915 1245 5006 superbisti·
1301 4921 1340 5020 t)
1368 4925 1411 4996 ln
1443 4927 1684 5019 peccatoribus
1716 4931 1965 5002 iustificatione
1989 4931 2124 5003 remitti
2148 4949 2291 5024 peccata

258 5053 355 5114 111111,
380 5025 502 5100 luiba
521 5021 644 5094 011111Ῑῦ
664 5034 699 5092 ‘l
721 5012 1156 5110 ἰ113ἷθῐπ1θθῗάὼΰθ111118Ῑ
1176 5017 1244 5086 1111·
1348 5051 1414 5121 per
1427 5024 1610 5101 Christum
1623 5031 1875 5120 mediatorem,
1901 5047 1937 5105 et
1960 5031 2112 5124 gratiam
2135 5033 2291 5120 infundi,

257 5143 373 5202 natur.
423 5123 525 5219 Quae
539 5127 698 5220 ipsorum
721 5117 767 5190 sit
780 5115 941 5190 doctrina
949 5168 960 5202 ,
985 5129 1124 5210 etquae
1143 5117 1244 5190 initia

511 3540 626 3614 minis
650 3539 730 3612 suis
756 3534 1015 3626 observandis,

1332 5279 1484 5366 rsteftpn
1501 5293 1581 5352 sunt,
1598 5299 1667 5355 quac
1684 5285 1740 5370 iam
1757 5253 1978 5370 sequestrant·
1997 5303 2098 5360 manc,
2123 5301 2206 5359 quarn
2224 5289 2290 5344 Ma·

1365 5367 1451 5418 soen,
1470 5349 1543 5410 taem
1561 5370 1694 5426 pomnen
1713 5353 1829 5414 matt.

284 5451 314 5524 ‘l
334 5449 482 5508 Historiam
500 5441 635 5516 colloquii
652 5436 757 5498 llatisb.
780 5431 920 5493 nactust·
937 5431 1056 5488 narrant
1073 5429 1193 5490 Slsidao.
1212 5431 1241 5490 in
1329 5433 1430 5504 2)an
1442 5435 1648 5521 propositioque
1665 5437 1745 5496 hahes
1765 5439 1848 5498 etiarn
1869 5441 1899 5500 in
1915 5441 1983 5502 stat.
2001 5455 2068 5514 opp.
2094 5449 2125 5498 ut
2143 5441 2225 5498 stiam
2244 5463 2288 5499 se·

315 5520 474 5578 (hument.
491 5533 518 5590 p.
536 5511 587 5572 4⁸1
603 5528 664 5586 sqq.
1365 5511 1479 5578 paratam
1496 5513 1561 5560 sunt
1577 5505 1673 5564 celatae.
1824 5529 1831 5544 ·
