4754 6260
236 388 305 462 151

235 563 365 657 probat
384 561 494 648 legem
519 570 552 627 et
575 551 835 645 magistratum,
865 547 964 619 utde'
985 546 1060 635 lege
1077 541 1237 615 dicitur:

237 667 311 737 Lex
333 675 384 732 est
405 663 500 731 bona
521 657 677 750 legitime
692 650 818 725 utenti.
868 646 917 719 Et
931 660 1063 717 certum
1081 655 1151 728 est,
1178 643 1231 711 le-

239 791 318 861 gem
349 777 495 835 naturae
529 759 651 829 lumen
684 779 758 826 esse
782 751 956 824 divinitus
982 747 1167 818 conditum
1194 744 1232 812 in

238 882 356 940 mente
378 860 555 947 hominis,
587 877 786 948 congruens
810 876 890 924 cum
910 863 1028 921 mente
1052 848 1175 918 divina
1199 859 1233 916 et

239 969 481 1059 magistratum
511 986 584 1033 esse
616 956 877 1032 ordinationem
906 953 981 1037 dei,
1013 949 1146 1020 Paulus
1173 971 1234 1016 ex-

237 1093 355 1166 presse
377 1065 539 1138 affirmat.
589 1061 672 1132 Nou
695 1060 802 1150 igitur
817 1055 966 1126 dubium
990 1066 1042 1123 est
1055 1046 1233 1121 Christia-

238 1199 327 1247 num
347 1171 403 1242 uti
425 1189 527 1258 posse
550 1165 686 1256 legibus
707 1159 861 1255 politicis
882 1179 963 1226 cum
986 1155 1061 1244 lege
1086 1165 1232 1224 naturae

239 1270 534 1364 congruentibus,
566 1267 656 1336 sicut
682 1260 861 1344 numeris,
893 1258 993 1342 cibo,
1023 1267 1133 1347 potu,
1159 1265 1233 1321 arte

237 1378 394 1459 medica,
415 1365 699 1443 Architectoniea
714 1363 783 1436 ‘uti
805 1362 900 1434 licet.
952 1355 1091 1426 Interea
1115 1368 1232 1426 tamen

237 1481 350 1570 fulget
374 1475 411 1543 in
433 1471 538 1542 corde
562 1468 623 1539 lux
646 1470 689 1537 de
703 1464 793 1538 Deo.
845 1461 921 1532 lmo
946 1459 986 1527 iu
1010 1453 1066 1526 his
1081 1456 1233 1526 externis

238 1577 437 1654 actionibus
460 1574 499 1641 in
527 1569 691 1641 societate
718 1565 834 1650 civili,
860 1562 939 1632 vult
962 1562 1047 1629 deus
1080 1555 1232 1627 exerceri

230 1683 345 1755 ¹iidem
366 1691 400 1748 et
421 1671 683 1744 invocationem
704 1682 740 1740 et
764 1667 842 1738 vult
865 1661 1023 1752 conspici
1042 1658 1234 1729 confessio·

237 1809 318 1858 nem
336 1791 493 1850 nostram
510 1790 550 1846 ut
565 1773 627 1842 alii
640 1771 836 1842 doceantur
852 1779 886 1836 et
901 1762 1059 1855 exemplo
1076 1761 1234 1830 inviten-

238 1903 316 1970 tur,
346 1882 425 1952 vult
448 1881 534 1946 deus
565 1889 599 1946 et
620 1871 821 1944 dilectionis
842 1867 956 1937 officia
987 1863 1160 1943 exerceri,
1193 1876 1235 1934 ut

237 1987 356 2062 David
377 1983 415 2052 in
431 1978 600 2072 periculis
621 1977 763 2044 invocat
785 1984 819 2041 et
838 1968 1031 2038 defendens
1057 1987 1156 2034 suam
1175 1987 1233 2032 ec·

237 2090 380 2164 clesiam
404 2079 577 2165 ostendit,
598 2079 695 2171 quod
719 2095 829 2166 genus
843 2069 1026 2142 doctrinae
1043 2066 1234 2157 amplecta-

237 2209 315 2276 tur,
340 2188 428 2258 alios
441 2185 562 2262 docet,
588 2180 718 2250 invitat
738 2192 774 2251 et
793 2173 990 2246 confirmat.
1041 2163 1108 2238 Εει
1130 2182 1164 2239 et
1178 2167 1235 2236 di-

236 2291 401 2368 lectionis
414 2283 586 2369 officium,
612 2281 708 2377 quod
724 2279 797 2350 suis
819 2271 1002 2347 laboribus
1017 2270 1102 2359 tegit
1120 2291 1235 2360 popu-

236 2400 314 2468 lum
332 2392 407 2476 dei,
432 2385 654 2470 Sacerdotes,
675 2379 860 2464 mulieres,
885 2371 1075 2470 pueritiam
1098 2384 1132 2442 ει
1154 2371 1233 2464 piae

237 2487 561 2572 doctrinaestudia.
1021 2543 1023 2549 Ι

338 2594 437 2666 llaec
453 2611 560 2680 opera
581 2585 622 2655 in
637 2582 801 2654 credente
814 2579 955 2674 placent
969 2573 1064 2660 Deo,
1090 2587 1124 2645 et
1149 2584 1232 2643 sunt

154 2760 158 2772 ,
237 2701 314 2775 veri
329 2699 444 2768 cultus
458 2688 537 2763 Dei.

336 2797 434 2872 Haec
458 2789 580 2882 regula
606 2783 746 2876 cognita
767 2789 914 2851 streete
936 2791 971 2848 ει
990 2778 1111 2848 dextre
1124 2775 1233 2845 intel-

237 2909 345 2990 lecta,
369 2897 503 2969 multae
520 2887 743 2986 quaestiones
760 2881 925 2953 civilibus
939 2879 1065 2949 officiis
1078 2877 1231 2946 iudicari

236 3017 395 3104 possunt.
444 2995 501 3068 Sit
523 2992 632 3083 igitur
651 2982 739 3058 haec
762 2984 877 3075 prima
896 2980 1089 3054 conclusio.
1138 2976 1231 3049 Cum

237 3108 397 3182 defensio
409 3121 490 3171 vere
508 3109 542 3166 et
557 3115 633 3162 non
648 3084 838 3182 sophistice
853 3081 1052 3165 intellecta,
1078 3079 1124 3150 sit
1140 3079 1230 3149 iuris

236 3225 401 3291 naturae,
434 3222 510 3272 non
537 3191 689 3264 dubium
720 3199 789 3272 est,
819 3208 896 3255 eam
924 3192 1124 3253 concessam
1158 3203 1231 3249 esse

235 3305 461 3386 Christianis.
513 3294 654 3385 Quare,
678 3289 709 3362 si
728 3311 833 3383 quem
855 3287 946 3355 latro
971 3281 1011 3351 iu
1033 3283 1090 3352 via
1109 3282 1231 3352 adori-

236 3433 318 3498 tur,
344 3410 426 3479 licet
448 3394 673 3479 Christiano,
703 3414 741 3461 se
764 3390 932 3459 adversus
954 3407 1036 3454 eum
1058 3383 1170 3468 tueri,
1197 3397 1231 3453 et

238 3519 267 3589 si
284 3518 375 3585 latro
398 3508 438 3578 in
451 3525 498 3573 ea
519 3519 638 3592 pugna
658 3493 863 3565 interfectus
875 3486 1004 3571 fuerit,
1028 3485 1110 3556 fecit
1123 3480 1231 3555 Chri-

236 3619 372 3690 stianus
389 3629 479 3702 opus
494 3603 628 3672 iustum
648 3609 682 3668 et
697 3614 912 3665 concessum.
964 3585 1025 3658 sic
1049 3588 1094 3656 de
1113 3601 1231 3678 patre-

235 3716 389 3792 familias
403 3702 629 3781 sentiendum
646 3711 715 3784 est,
737 3694 949 3765 defendente
963 3689 1129 3774 domum,
1145 3709 1231 3758 con.

236 3823 374 3912 iugem,
397 3813 540 3883 liberos.

337 3917 445 4009 Quod
465 3931 549 3982 vero
582 3899 644 3973 hic
667 3894 861 3992 opponitur
883 3891 1034 3964 dictum:
1087 3889 1128 3963 Si
1152 3889 1231 3984 quis

237 4017 449 4120 percusserit
465 4026 498 4085 ιε
515 4009 555 4077 in
573 4007 750 4088 derbem,
764 3999 910 4070 obverte
925 4007 960 4066 et
974 3994 1137 4064 alteram:
1157 3990 1232 4065 Re-

238 4125 413 4221 spondeo:
444 4114 579 4186 Totum
601 4106 692 4176 illud
716 4127 791 4196 cap.
804 4094 935 4169 Matth.
945 4093 990 4170 V.
1007 4107 1169 4188 oportere
1182 4094 1233 4163 sic

237 4222 408 4312 intelligi,
425 4239 471 4287 ne
485 4210 626 4285 aboleat
634 4207 743 4277 vitam
759 4199 940 4295 politicam
955 4210 989 4266 et
1005 4196 1232 4265 manifestum

240 4341 309 4415 est,
333 4323 470 4394 nullam
490 4312 567 4385 lieri
593 4307 645 4378 ibi
667 4306 882 4377 mentionem
901 4297 1148 4388 Magistratus,
1172 4298 1233 4366 sed

239 4437 423 4528 praecepta
437 4417 646 4492 traduntur,
673 4407 717 4478 ad
732 4401 952 4496 spiritualem
976 4411 1010 4469 et
1026 4394 1232 4470 aethernam

241 4529 416 4604 iusticiam
433 4511 659 4616 pertinentia,
676 4506 843 4577 videlicet
856 4504 900 4572 de
912 4502 982 4572 fide
997 4513 1031 4571 et
1047 4500 1233 4592 pacientia.

241 4635 283 4708 si
306 4629 386 4726 quis
408 4640 443 4697 te
467 4613 637 4714 percutit,
669 4609 797 4680 toleres
818 4618 964 4697 propter
986 4605 1105 4676 deum.
1163 4599 1232 4671 Hic

240 4759 316 4806 non
331 4741 442 4812 vetat,
465 4717 657 4818 quominus
671 4711 896 4801 magistratus
917 4704 1022 4774 faciat
1036 4727 1138 4774 suurn
1154 4705 1233 4773 offi-

241 4839 357 4918 cium,
389 4841 450 4900 aut
479 4837 519 4894 tu
551 4815 662 4888 utaris
691 4811 847 4901 legitima
872 4805 1088 4878 defensione.
1146 4803 1234 4890 imo,

242 4937 329 5010 alibi
351 4924 539 5025 praecipit,
569 4931 609 4991 ut
631 4915 855 5005 magistratus
875 4907 1041 4977 defendat
1061 4907 1235 4976 innocen-

242 5059 313 5121 tes,
339 5036 400 5106 sed
424 5029 455 5100 si
476 5022 699 5114 magistratus
722 5015 790 5086 erit
805 5011 1006 5101 negligens,
1031 5022 1092 5079 aut
1106 5010 1233 5078 crude·

240 5145 304 5224 lis,
330 5151 371 5207 ut
384 5129 539 5203 Ecclesia
561 5124 771 5216 plerumque
788 5114 923 5184 tristem
939 5109 1141 5180 servitutem
1157 5133 1233 5179 sus-

239 5246 349 5325 tinet,
373 5255 496 5306 rursus
517 5227 618 5296 iubet
633 5214 815 5302 Christus,
836 5228 878 5284 ut
901 5212 1064 5284 obrectas
1087 5223 1123 5281 et
1145 5212 1232 5280 alte-

236 5371 314 5421 ram
328 5335 529 5414 maxillam,
551 5328 587 5397 id
604 5336 656 5395 εει
670 5335 711 5393 ιιι
725 5314 814 5388 hanc
832 5314 1001 5386 iniuriam
1019 5335 1161 5408 quoque
1178 5326 1234 5384 to-

237 5452 328 5542 lergs
349 5449 493 5536 propter
506 5429 645 5511 Deum,
670 5436 706 5494 et
727 5419 815 5491 scias
838 5432 872 5490 te
893 5427 1037 5508 propter
1051 5413 1232 5488 calamita-

221 5565 310 5625 -tem
333 5567 409 5618 uon
430 5537 608 5610 abiectum
624 5547 698 5600 etse
712 5547 733 5596 a
747 5519 843 5607 Deo,
865 5521 956 5593 sicut
970 5518 1061 5592 ratio
1075 5511 1230 5622 humana

815 361 1260 459 ,EPISTOLARUM
1309 365 1413 448 LlB.
1451 369 1498 448 X.
1552 363 1683 443 1646.

1272 4797 1281 4807 ι

2211 351 2284 427 152

1285 543 1437 624 iudicat,
1463 535 1625 610 homines
1647 561 1876 611 aerumnosos
1895 559 1968 607 non
1985 555 2057 605 esse
2072 527 2150 604 Deo
2166 553 2284 613 curae,

1285 646 1357 714 imo
1382 642 1458 714 Deo
1480 643 1613 712 invisos
1634 665 1717 712 esse.
1768 638 1820 710 lta
1842 641 1879 708 in
1900 663 1940 708 eo
1963 639 2041 708 loco
2065 659 2139 705 non
2162 633 2282 703 solum
2375 621 2376 628 ¹

1285 759 1510 838 pracceptum
1536 746 1580 813 de
1601 742 1776 836 pacientia
1801 741 1973 824 traditur,
2009 763 2099 832 quae
2121 761 2197 806 non
2220 758 2284 804 ex-

1286 849 1399 919 cludit
1422 847 1578 917 officium
1600 846 1842 935 magistratus,
1867 844 1927 912 sed
1955 842 2060 911 etiam
2083 836 2281 910 consolatio

1287 950 1516 1042 proponitur,
1542 971 1610 1040 qua
1635 947 1825 1016 exercenda
1847 957 1897 1015 est
1916 943 2020 1026 fides,
2044 965 2133 1036 quae
2158 941 2284 1010 statuit

1286 1075 1352 1122 nos
1374 1050 1542 1148 etiamxin
1556 1049 1735 1118 aerumnis
1756 1046 1886 1138 respici
1909 1070 1930 1115 a
1951 1043 2028 1115 Deo
2036 1099 2047 1131 ,
2072 1044 2145 1113 imo
2162 1041 2282 1112 Deum

1284 1155 1361 1224 fore
1377 1154 1597 1221 defensorem
1613 1145 1869 1242 orphanorum.

1387 1266 1497 1340 Aliud
1516 1268 1649 1339 dictum
1668 1283 1718 1339 est
1734 1263 1841 1340 Rom.
1856 1261 1956 1338 xlt:
1983 1261 2066 1335 Nou
2080 1239 2281 1334 iudicantes
2324 1225 2329 1232 ι

1286 1372 1528 1462 vosmetipsos.
1845 1372 1848 1378 ’
2375 1359 2376 1396 ³

1385 1487 1464 1558 Hoc
1481 1488 1615 1558 dictum
1639 1511 1714 1556 non
1728 1473 1896 1578 probibet
1920 1479 2075 1553 officium
2090 1477 2281 1568 Magistra·

1285 1607 1343 1663 tus
1368 1607 1402 1664 ει
1430 1589 1584 1660 officinm
1608 1589 1745 1679 legibus
1764 1587 1987 1670 ordinatum,
2019 1585 2079 1654 sed
2102 1582 2280 1674 privatam

1286 1695 1498 1777 vindictam,
1523 1687 1592 1761 hoc
1617 1705 1685 1773 est,
1719 1714 1794 1759 eam
1820 1711 1927 1782 quaro
1952 1711 2026 1756 non
2049 1683 2280 1773 Magistratus

1287 1809 1421 1866 exercet
1444 1795 1537 1886 ipse,
1574 1817 1639 1863 nec
1664 1791 1756 1882 leges
1780 1791 1990 1881 approbant.
2047 1782 2096 1856 Et
2112 1783 2210 1854 aliud
2228 1795 2280 1851 est

1286 1899 1386 1993 loqui
1403 1899 1446 1966 de
1464 1895 1640 1975 vindicta,
1668 1895 1703 1964 id
1723 1907 1791 1976 εει,
1817 1894 1861 1960 de
1877 1915 1990 1983 poena
2005 1902 2084 1980 post
2096 1885 2280 1967 iniuriam,

1286 2002 1382 2070 aliud
1398 2001 1442 2068 de
1460 1996 1681 2079 defensione,
1705 2008 1845 2066 arcente
1861 2007 2014 2062 atrocem
2032 1989 2219 2068 iniuriam,
2243 1998 2281 2054 ιιι
2375 2047 2376 2070 ,

1286 2103 1507 2184 adolescens,
1533 2099 1595 2191 qui
1620 2097 1796 2168 interfecit
1817 2095 2002 2166 tribunum
2024 2094 2062 2162 in
2087 2089 2200 2160 Marii
2222 2113 2280 2156 ca·
2375 2091 2376 2116 ³

1286 2205 1367 2274 stris
1390 2203 1580 2272 defendens
1602 2199 1830 2290 pudiciciam,
1866 2221 1947 2266 vere
1968 2197 2133 2266 defensor
2154 2191 2229 2282 fuit
2246 2203 2279 2256 et

1287 2319 1379 2374 recte
1395 2304 1493 2387 fecit,
1518 2326 1667 2392 eumque
1687 2326 1759 2367 nnn
1777 2302 1910 2390 privata
1924 2297 2114 2389 cupiditas,
2140 2293 2200 2360 sed
2222 2291 2281 2360 let

1287 2407 1437 2476 armavit
1457 2406 1549 2495 ipsa,
1590 2427 1679 2496 quae
1708 2403 1746 2470 in
1769 2401 1831 2472 tali
1854 2423 1957 2469 carisa
1979 2398 2222 2468 defensionem
2246 2392 2278 2460 ei

1286 2507 1457 2580 concedit.
1517 2502 1637 2594 Quare
1663 2516 1696 2573 ει
1717 2501 1857 2572 Marius
1881 2503 2135 2572 adolescentem
2160 2494 2282 2564 absol·-

1286 2611 1336 2680 vit
1362 2610 1462 2702 eique
1485 2607 1702 2698 inspectante
1726 2604 1879 2674 exercitu
1902 2627 2069 2675 coronam
2098 2597 2281 2688 imposuit,
2375 2596 2376 2638 ³

1285 2737 1365 2782 cum
1382 2711 1524 2804 quidem
1541 2709 1712 2778 exercitus
1730 2718 1825 2777 totus
1842 2704 2027 2778 manifesto
2044 2703 2170 2796 plausu
2185 2698 2280 2768 iudi·
2375 2723 2376 2798 j

1285 2814 1379 2883 cium
1395 2811 1650 2901 comprobaret.

1387 2929 1495 3018 Quod
1508 2941 1626 2998 autem
1642 2951 1682 2996 ea
1700 2925 1857 2998 defensio
1877 2940 1911 2997 et
1927 2922 2100 3003 vindicta,
2119 2942 2209 3013 quae
2225 2917 2278 2986 le·

1285 3033 1408 3123 gitime
1437 3031 1483 3102 sit
1512 3053 1577 3120 per
1598 3029 1839 3119 magistratus,
1876 3041 1937 3098 aut
1961 3049 2050 3118 quae
2073 3023 2120 3092 sit
2140 3021 2279 3120 legibus

1283 3132 1575 3215 concedentibus,
1600 3131 1646 3200 sit
1661 3154 1750 3222 opus
1765 3131 1914 3214 iustum,
1939 3153 1979 3198 ex
1995 3120 2062 3195 hoc
2078 3126 2176 3195 fonte
2192 3145 2278 3191 con·

1283 3237 1466 3319 firmatur,
1491 3233 1573 3327 quia
1592 3229 1689 3303 Deus
1711 3229 2146 3326 approbatMagistratum
2170 3238 2205 3294 et
2227 3223 2278 3291 le-

1282 3359 1360 3428 gem
1379 3349 1538 3409 naturae.

1384 3451 1497 3524 Aliud
1513 3451 1647 3524 dictum
1668 3449 1891 3542 Romxlll.
1943 3449 2018 3537 Qui
2037 3446 2203 3539 potestati
2221 3469 2280 3514 rc·
2375 3491 2376 3494 κ

1283 3556 1392 3641 εἰειίι,
1417 3552 1484 3624 Dei
1510 3554 1727 3625 ordinationi
1751 3554 1881 3624 resistit
1897 3565 1930 3622 et
1943 3551 2116 3620 iudicium
2133 3547 2204 3616 sibi
2219 3573 2280 3616 ac·
2375 3553 2376 3568 ¹

1284 3656 1406 3752 quirit.
1463 3653 1560 3726 Haec
1583 3655 1758 3726 sententia
1777 3655 1963 3748 praecipue
1986 3653 2127 3721 videtur
2151 3645 2280 3741 prohi-

1285 3763 1368 3831 bere
1396 3758 1636 3829 defensionem
1667 3770 1789 3828 contra
1816 3755 2081 3846 Magistratum3
2116 3753 2177 3820 sed
2202 3751 2278 3842 ipsa

1283 3885 1357 3934 sese
1372 3861 1539 3932 declarat.
1590 3858 1694 3929 Vetat
1714 3858 1809 3928 enim
1830 3858 1991 3928 resistere
2007 3857 2046 3924 in
2061 3876 2143 3924 casu
2166 3853 2278 3922 iustae

1284 3962 1560 4047 iurisdictionis,
1582 3959 1665 4053 quia
1685 3960 1868 4054 manifeste
1887 3957 2026 4053 inquit,
2058 3953 2280 4026 ordinationi

1284 4064 1352 4136 Dei
1368 4064 1508 4135 resistit.
1558 4059 1737 4132 Violentia
1754 4075 1871 4133 autem
1886 4059 2037 4140 iniusta,
2060 4081 2135 4127 non
2151 4071 2205 4126 est
2217 4080 2279 4126 or·
2375 4083 2376 4144 ι

1285 4167 1421 4237 dinatio
1443 4163 1530 4249 Dei,
1551 4175 1593 4233 ιιι
1608 4158 1794 4249 Thebani,
1819 4187 1899 4233 cnm
1921 4172 2148 4232 excusserunt
2167 4157 2279 4228 Lare-
2375 4167 2376 4210 l

1285 4268 1509 4350 daemonius,
1533 4263 1595 4358 qui
1609 4265 1794 4356 rapiebant
1807 4265 1939 4334 civium
1955 4262 2121 4352 coniuges
2138 4272 2172 4330 ει
2187 4261 2279 4329 Ιῐιιε-

1285 4395 1360 4452 ros,
1387 4391 1460 4450 non
1482 4366 1692 4437 resistebant
1709 4366 1927 4437 ordinationi
1939 4363 2027 4449 Dei,
2053 4363 2113 4434 sed
2127 4361 2282 4452 menits

1284 4473 1346 4546 stis
1358 4470 1542 4544 furoribus
1558 4466 1703 4540 Diaboli
1718 4483 1754 4540 et
1768 4468 1953 4539 manifesto
1968 4466 2167 4538 latrocinio.
2375 4483 2376 4492 ¹

1384 4601 1519 4672 Modus
1544 4614 1661 4671 autem
1684 4601 1814 4694 aliquis
1835 4614 1869 4670 et
1892 4613 1984 4670 meta
2008 4611 2100 4670 certa
2116 4594 2199 4671 huic
2216 4602 2279 4672 ‹ls-
2375 4625 2376 4641 ¹

1283 4705 1439 4775 fensioni
1463 4703 1701 4774 constituitur.
1763 4701 1810 4773 Ut
1831 4703 1927 4770 euim
1949 4701 2067 4794 aliqua
2088 4719 2278 4793 parentum
2375 4737 2376 4790 3

1285 4807 1375 4877 vicia
1401 4806 1545 4876 ferenda
1569 4816 1670 4890 sunt,
1703 4803 1751 4873 ita
1773 4803 1913 4895 aliquae
1928 4804 2196 4890 magistratuum
2221 4807 2279 4876 in-

1284 4909 1395 4978 iuriae
1421 4909 1513 4977 leves
1543 4919 1578 4976 et
1599 4906 1637 4974 in
1663 4929 1745 4975 casu
1768 4905 1934 4994 ambiguo
1955 4907 2159 4978 tolerandas
2184 4925 2278 4983 suut.

1284 5009 1355 5082 Sed
1372 5009 1591 5078 manifestam
1608 5020 1642 5076 et
1653 5019 1806 5076 atrocem
1824 5008 1991 5076 iniuriam
2008 5008 2195 5099 depellere,
2221 5011 2279 5081 iu-

1284 5127 1377 5182 stum
1404 5125 1474 5195 est,
1506 5109 1590 5202 quia
1611 5108 1715 5179 talem
1733 5110 1973 5178 defensionem
1997 5109 2052 5178 lex
2075 5103 2222 5180 naturae
2245 5125 2278 5184 et
2375 5115 2376 5131 ¹

1284 5211 1554 5303 Magistratuum
1580 5210 1673 5298 leges
1696 5210 1792 5301 ipsae
1815 5212 2024 5280 concedunt.
2074 5209 2191 5304 Supra
2214 5239 2279 5284 au·
2375 5247 2376 5292 ι

1283 5330 1354 5386 tem
1370 5315 1503 5385 dictum
1520 5324 1588 5395 est,
1600 5335 1674 5381 non
1688 5313 1824 5382 aboleri
1842 5313 1880 5380 iu
1889 5308 2083 5401 Evangelio
2101 5314 2196 5404 leges
2215 5340 2278 5386 na·
2375 5295 2376 5302 ¹

1282 5432 1382 5489 turae
1396 5429 1429 5485 et
1445 5416 1537 5504 leges
1551 5413 1820 5503 magistratuum
1837 5437 1917 5484 eum
1933 5414 2011 5484 iure
2027 5426 2172 5485 naturae
2191 5443 2279 5486 con-
2375 5431 2376 5436 ’

1283 5519 1489 5604 sentientes,
1521 5529 1562 5588 ut
1586 5517 1676 5588 iuste
1708 5517 1868 5587 fecerunt
1897 5514 2137 5588 interfectores
2161 5515 2279 5590 Aure-
2325 5555 2331 5563 ·
