4776 6256
81 387 167 464 825'

104 557 159 633 D.
175 549 846 652 HieronymaBamgartner'o‚
873 551 1056 626 Sanalori

476 652 677 754 Noriherg.

81 789 126 881 S.
147 809 190 885 D.
241 806 370 878 Multis
391 807 603 878 coniecturis
627 807 822 879 ratiocinor
846 817 960 876 totum
984 801 1075 877 Poe-

79 937 132 1002 iua
148 913 217 982 τοῦ
231 905 370 1004 μεταξὺ
386 923 504 979 ortum
520 931 593 980 esse
609 933 683 979 non
700 910 746 978 ab
764 907 981 1000 Imperatore
997 899 1076 978 Ca-

81 1009 176 1096 rrio,
202 1015 262 1082 sed
281 1007 355 1082 ἀπὸ
367 1015 436 1083 τοῦ
448 1006 656 1109 pappiana,
683 1012 746 1104 qui
763 1011 895 1082 multos
915 1010 985 1078 iam
1004 1035 1072 1078 an-

77 1137 142 1184 nos
161 1114 316 1185 somniat
338 1115 476 1184 fucosis
498 1128 531 1184 et
556 1137 629 1183 non
645 1116 835 1185 duraturas
850 1112 1074 1182 conciliatio-

78 1239 150 1290 nes.
202 1214 257 1286 Ne
278 1238 341 1304 ega
365 1216 511 1308 quidem
542 1216 587 1284 de
608 1217 775 1286 omnibus
797 1213 1073 1308 quaestionibus,

77 1343 166 1414 qnae
182 1318 221 1388 in
238 1313 302 1388 hac
318 1315 522 1390 turbulenta
540 1331 650 1388 aetate
664 1331 779 1388 motae
792 1329 893 1402 sunt,
908 1341 1072 1408 pugnan-

77 1424 161 1491 dum
188 1443 331 1505 censeo,
367 1417 453 1516 ac¹)
473 1421 605 1491 multas
628 1420 790 1490 consulto
815 1420 940 1488 abieci.
999 1419 1068 1488 Sed

75 1522 252 1594 tamenin
278 1517 373 1592 tant‘a
399 1523 607 1592 confusione
627 1519 908 1613 disputationum
931 1520 1071 1640 aliquae
1121 1581 1159 1648 in
1183 1585 1354 1648 commu
1377 1573 1596 1672 Augustam
1621 1576 1829 1644 dgpbmfio
1854 1579 1899 1646 de
1923 1599 1986 1656 ρο,
2018 1578 2115 1670 quod

73 1647 128 1696 res
141 1623 358 1702 necessariae
370 1636 486 1692 motae
500 1639 534 1694 et
550 1625 746 1694 illustratae
759 1635 853 1698 sunt.
902 1619 1069 1712 Repetivi

74 1722 272 1796 hisdiebus
296 1747 398 1816 saepe
419 1725 653 1816 ingemiscens
674 1727 857 1815 integram·
871 1725 1069 1793 doctrinam

72 1823 155 1924 περὶ
188 1821 404 1920 μετανοίας,
446 1827 485 1896 in
513 1828 664 1918 publicis
698 1825 994 1918 praelectionibus
1010 1818 1068 1921 *),

72 1943 256 2023 propterea
271 1930 365 2022 quod
382 1928 548 2023 Synodns
565 1927 820 2014 Bononiensis,
842 1951 948 2021 quam
965 1929 1067 1998 video

72 2031 298 2102 audaciorem
323 2051 395 2098 esee
418 2035 484 2122 τῆς
504 2029 545 2100 ἐν
564 2025 714 2124 τριαίνῃ
727 2025 1005 2124 συλλεχθείσης,
1032 2045 1066 2100 et

71 2133 282 2204 veteratoris
312 2147 346 2202 et
369 2132 476 2220 impia
501 2135 638 2202 decreta
663 2129 743 2202 fecit
766 2129 849 2226 aspi
867 2127 1067 2223 μετανοίας

70 2231 133 2307 καὶ
154 2229 374 2328 μυστηρίων
399 2228 554 2305 δείπνου
574 2237 767 2330 κυριανσῠ.
824 2231 894 2304 Sed
920 2246 1064 2322 expecto

68 2333 110 2409 τὸ
126 2329 287 2430 μεταξύ,
315 2336 409 2429 quod
427 2357 508 2405 enm
524 2337 701 2425 prolatum
712 2335 841 2419 fuerit,
864 2358 976 2404 noi’ss
990 2337 1065 2404 for-

68 2441 172 2510 tassis
200 2433 439 2508 Ecclesiarnm
469 2451 501 2506 et
525 2431 736 2508 Scholsrnm
764 2433 1063 2528 dissipationes²)

68 2541 184 2613 faciet.
225 2533 318 2610 aliid
340 2541 461 2610 ταῦτα
484 2533 587 2610 πάνυ
601 2531 722 2631 μόνου
736 2537 833 2610 θεοῦ
849 2537 890 2610 ἐν
904 2529 1064 2636 γούνασι

66 2647 197 2714 κεῖται.
248 2639 403 2711 Gentem
419 2639 629 2712 saxonicam
649 2663 724 2708 non
746 2641 873 2710 dubito
897 2661 1062 2729 magnum

65 2747 203 2815 bellum
226 2758 401 2834 gesturam
426 2765 515 2828 esse,
540 2739 756 2836 quod·Dens
781 2743 964 2832 gubernet.
1016 2737 1066 2809 Et

66 2843 151 2916 linic
177 2846 275 2932 genti
297 2845 482 2936 praecipue
506 2843 717 2934 significavit
745 2849 1003 2934 congressus-t>
1029 2855 1065 2914 et

65 2951 105 3032 ἅ
129 2941 192 3040 ”)
219 2948 257 3015 in
273 2943 499 3035 Aegocerote.

657 379 1093 460 EPISTOLARUM
1142 381 1341 462 mttxt.
1394 381 1525 457 ists.

2050 383 2128 462 826

1130 554 1376 646 integerrimo,
1418 557 1555 650 dequo
1580 567 1674 624 certe
1702 569 1736 628 et
1765 568 1870 626 antea
1901 555 1993 626 bene
2014 557 2125 644 sensi,

1129 660 1233 728 valde
1247 673 1343 748 grata
1360 659 1429 730 fuit
1442 651 1551 740 mihi,
1576 671 1612 730 et
1626 657 1672 730 D.
1689 653 1826 728 Pastori
1848 671 1884 728 et
1898 658 1979 732 aliis
2000 658 2125 730 amieis

1128 761 1270 833 nostris.
1321 760 1417 831 Deus
1433 776 1596 831 aeternna
1617 771 1717 850 pater
1732 760 1871 830 domini
1894 760 2006 830 nostri
2026 758 2053 834 1.
2069 759 2123 844 Q,

1127 866 1292 934 conditor
1313 859 1491 932 Ecclesiae
1517 884 1601 932 suae
1624 875 1741 932 servet
1764 875 1798 932 et
1821 875 1918 952 regat
1942 885 2024 932 suos
2039 887 2121 934 coe·

1126 979 1199 1049 tus,
1221 967 1425 1034 invocantes
1438 961 1573 1055 ipsura!
1627 959 1675 1034 Et
1698 975 1920 1034 servaturum
1942 986 2016 1034 esse
2039 987 2119 1054 spe-
2174 944 2182 975 i

1125 1093 1185 1152 ro,
1210 1068 1273 1138 etsi
1300 1068 1455 1158 profecto
1479 1066 1563 1134 novi
1586 1079 1702 1134 motus
1725 1069 1884 1154 ingentes
1904 1066 2120 1156 impendent.

1123 1168 1318 1260 Conspecta
1335 1183 1417 1238 suut
1436 1167 1596 1260 prodigia
1621 1167 1657 1236 in
1675 1191 1755 1238 arce
1772 1191 1898 1237 sereno
1914 1169 1972 1238 die
1986 1167 2118 1260 speeies

1125 1277 1276 1341 duorum
1306 1271 1520 1340 exercituum
1555 1271 1648 1338 inter
1672 1291 1708 1338 se
1732 1270 1978 1341 dimicantium
2005 1294 2118 1361 prope

1123 1369 1378 1470 Qaedelbarg5
1406 1387 1441 1444 et
1459 1398 1530 1444 non
1546 1371 1669 1462 procul
1680 1397 1698 1438 a
1709 1367 1859 1440 Saliais
1872 1373 1973 1441 urbis
1985 1372 2117 1462 species

1123 1479 1160 1546 iu
1179 1499 1258 1546 aree
1274 1489 1440 1568 tanquam
1461 1499 1586 1563 magun
1606 1472 1771 1542 incendio
1788 1473 2056 1562 conflagranlis3
2082 1487 2118 1544 et

1121 1695 1267 1752 vocatur
1290 1675 1465 1764 Interim,
1492 1681 1578 1774 quid
1601 1678 1760 1767 paritura
1783 1677 1844 1762 sit,
1868 1699 1923 1747 res
1944 1679 2117 1752 ostendet.

1121 1782 1193 1854 Nos
1208 1805 1350 1852 oremus
1365 1779 1500 1864 Deum,
1528 1793 1710 1852 aeternum
1737 1791 1873 1870 patrem
1894 1777 2032 1850 domini
2046 1801 2113 1850 no-

1119 1887 1183 1962 stri
1199 1883 1225 1960 f.
1239 1882 1298 1966 C.,
1321 1897 1365 1956 ut
1379 1885 1515 1972 mitiget
1532 1881 1689 1975 publicas
1707 1896 1743 1950 et
1760 1880 1911 1971 privatas
1933 1879 2114 1952 calamita·

1119 1999 1184 2059 tes.
1232 1983 1332 2055 Beue
1345 1999 1379 2055 et
1392 1987 1542 2056 feliciter
1558 1985 1646 2056 vale.
1684 1980 1754 2054 Dic
1770 1982 1984 2076 aequinoctii
2001 1981 2116 2066 verni,

1123 2086 1232 2162 1548.

1950 2198 1991 2276 P.
2006 2198 2061 2274 M.

1114 2607 1180 2678 No.
1196 2601 1311 2682 4172.

1113 2705 1321 2740 Μ

1448 2799 1493 2888 C.
1528 2803 1785 2886 Otfimanno.

1183 2987 1205 3050 †
1221 2979 1258 3036 Ei
1272 2997 1366 3052 apogr.
1378 2979 1407 3034 in
1421 2980 1485 3035 cod.
1501 2977 1588 3036 Paris.
1601 2981 1640 3034 D.
1654 2981 1686 3042 t.
1702 2981 1769 3037 Μ’.

171 3048 278 3119 Mitto
296 3048 360 3117 tilii
375 3049 540 3139 pagellas,
556 3059 591 3117 et
605 3045 707 3116 brevi
723 3048 861 3118 mittam
877 3041 1064 3116 historiam
1175 3103 1184 3119 ,

64 3149 197 3221 Gentis
216 3149 376 3220 iudaicae
389 3163 587 3219 contextam
608 3149 653 3219 ab
668 3145 815 3236 Ebero,
839 3173 859 3219 a
883 3151 1001 3218 reditu
1021 3169 1063 3216 ex

63 3249 253 3346 Babylone
274 3275 386 3344 usque
408 3253 452 3320 ad
478 3251 653 3320 excidium
671 3251 911 3346 Solymarum.
964 3251 1064 3320 Dens

62 3367 232 3424 aeternus
248 3351 352 3423 Pater
365 3350 513 3424 Domini
527 3353 639 3424 nostri
659 3349 738 3425 lesu
747 3350 882 3424 Christi
899 3353 1064 3421 conditor

60 3456 204 3544 gcncris
226 3450 374 3524 humani
399 3469 434 3526 et
454 3453 633 3526 Ecclesiae
656 3477 741 3527 suae
758 3457 818 3550 qui
842 3478 878 3525 se
901 3453 1063 3544 patefecit

58 3557 173 3626 misso
190 3556 282 3638 filio,
308 3571 422 3625 servet
436 3570 469 3626 te
487 3558 700 3626 incolumem
718 3571 751 3626 et
766 3574 799 3630 te
818 3570 925 3647 regat.
963 3554 1062 3628 Bene

57 3659 158 3728 vale.
206 3652 275 3724 Die
291 3656 391 3722 verni
405 3657 621 3748 aequinoctii
645 3657 754 3729 1548.

579 3781 769 3882 Philippus
787 3783 1012 3857 Melantbon.

67 4171 139 4242 No.
156 4165 270 4244 4171.
865 4181 1046 4262 nequinont..

59 4267 281 4306 Μ
843 4268 1056 4308 Μ

354 4373 416 4463 Α.
441 4373 769 4466 Lauterbacliia.

150 4537 174 4610 *l-
195 4535 231 4590 Es
244 4555 340 4610 apogr·
354 4536 383 4592 in
398 4538 460 4594 esd.
473 4539 557 4600 Goth.
574 4541 633 4598 19⁰.
647 4559 674 4612 p.
688 4539 747 4596 116.

53 4691 718 4786 AntonioLaaterbach,Past.
737 4693 839 4776 Eccl.
855 4693 1060 4783 Ρίταισοίο.

51 4824 99 4918 S.
127 4842 177 4918 D.
229 4839 440 4916 Reverende
464 4841 509 4916 D.
532 4842 690 4930 Antoni,
726 4849 758 4918 ei
784 4851 895 4923 amice
918 4855 1057 4924 carissi-

1115 3148 1339 3226 Eraditione
1365 3159 1397 3220 et
1424 3147 1553 3221 virtuts
1570 3149 1784 3250 praestanti
1802 3145 1866 3226 M.
1891 3139 1928 3220 C
1932 3173 2111 3248 aspare

1114 3247 1319 3326 Othuian
1331 3278 1406 3338 no,
1429 3251 1657 3346 gubernanti
1676 3251 1802 3326 studia
1820 3251 2008 3324 doctrinae
2024 3246 2108 3322 lits·

1115 3382 1242 3428 rarum
1258 3367 1288 3426 et
1301 3353 1522 3454 optimarum
1536 3357 1675 3425 artium
1693 3357 1732 3426 ia
1750 3356 1836 3430 arbe
1850 3351 1888 3428 L
1898 3381 1914 3428 e
1924 3353 2001 3428 ube
2011 3377 2111 3448 rga,

1535 3481 1654 3529 amica
1680 3483 1711 3531 s.
1739 3481 1743 3488 ·

1113 3591 1158 3682 S.
1180 3608 1225 3686 D.
1276 3609 1465 3680 Carissime
1490 3609 1554 3680 fili.
1607 3607 1805 3678 Meministi
1829 3609 1940 3697 igitur
1960 3620 1995 3678 et
2017 3601 2109 3678 hane

1114 3713 1324 3780 sententiam
1348 3711 1385 3777 in
1408 3735 1448 3779 eo
1465 3710 1541 3800 ipso
1557 3711 1687 3800 scripto
1709 3709 1869 3778 isocratis
1883 3725 2019 3794 estare,
2043 3733 2108 3778 eu-

1115 3813 1170 3881 ius
1194 3811 1410 3890 mentionem
1433 3811 1536 3879 facis:
1562 3807 1673 3891 καλὸς
1688 3806 1881 3904 θησαυρὸς
1894 3807 1978 3900 παρ’
1995 3805 2106 3902 ἀνδρὶ

1114 3907 1308 4005 σπουδαίῳ
1325 3905 1435 4006 χάρις
1456 3908 1685 4008 ὀφειλομένη.
1738 3911 1888 3982 Gaudeo
1910 3911 2037 4001 igitur,
2071 3927 2105 3980 et

1113 4011 1203 4083 mibi
1227 4013 1265 4082 in
1295 4013 1415 4084 animo
1447 4027 1508 4082 tuo
1539 4016 1645 4084 talem
1674 4007 1879 4084 thesaurum
1910 4013 2103 4104 repositum

1113 4139 1205 4200 csse,
1224 4115 1287 4186 etsi
1307 4117 1462 4206 proferto
1474 4131 1531 4185 tua
1546 4131 1577 4186 et
1586 4113 1763 4184 Ecclesiae
1780 4139 1880 4184 causa
1890 4115 2001 4204 magis
2017 4138 2105 4204 gau-

1112 4221 1199 4303 deo,
1222 4231 1257 4286 te
1282 4231 1315 4288 et
1335 4217 1465 4286 multus
1486 4219 1664 4308 praeditos
1689 4215 1792 4285 bouis
1815 4217 1967 4308 ingeniis
1983 4241 2101 4286 veram

1112 4335 1145 4392 et
1167 4321 1291 4390 utilem
1313 4321 1511 4390 doctrinam
1532 4320 1716 4404 didicisse,
1742 4332 1782 4388 ut
1806 4341 1925 4388 semen
1942 4333 2101 4390 sanctum

1111 4423 1287 4517 reliquum
1319 4423 1381 4501 sit,
1415 4423 1510 4515 quod
1544 4423 1683 4490 erudiat
1716 4421 1965 4511 posteritatem.
2024 4417 2100 4490 Etsi

1018 4607 1023 4618 Ι
1111 4525 1205 4595 enini
1232 4525 1369 4614 magnis
1392 4523 1558 4594 fluctibns
1574 4546 1712 4614 semper
1726 4536 1911 4615 quassatur
1926 4517 2101 4595 Ecclesiae

1109 4641 1226 4698 tamen
1250 4625 1346 4695 Deus
1365 4626 1481 4718 aliqua
1506 4627 1644 4716 agmina
1668 4637 1801 4706 servat,
1828 4647 1873 4692 ue
1896 4623 2020 4692 notitia
2038 4623 2099 4691 filii

1110 4729 1147 4797 in
1164 4729 1267 4798 terris
1281 4727 1514 4815 extinguatur.
1555 4727 1608 4798 Te
1621 4749 1764 4818 quoque
1778 4739 1862 4816 opto
1878 4739 2011 4815 partem
2027 4748 2101 4793 esse

1107 4831 1252 4900 seminis
1281 4829 1410 4912 sancti,
1443 4843 1481 4898 ul
1504 4843 1606 4900 vocat
1628 4825 1771 4910 Esaias,
1806 4829 1900 4918 qnod
1928 4827 2098 4898 custodiet

49 4947 133 5016 me!
191 4943 359 5020 Narratio
374 4941 961 5042 deseneGeorgibCarlowjpziffi
978 4958 1056 5026 vim
1107 4934 1317 5004 doctrinam.
1370 4929 1579 5008 Academia,
1597 4927 1662 5000 Dei
1681 4922 2099 5000 beneficioadhuesonat

85 5173 113 5237 1)
137 5169 251 5226 Cernen
265 5177 307 5237 ct,
325 5167 468 5228 nescu.

82 5251 114 5324 ¹¹)
134 5249 380 5336 Prodiuitlibellusi
403 5254 563 5324 „Doctrina
578 5255 790 5327 inpoenitentia
802 5257 864 5316 ideo
877 5261 1007 5332 repetite,
1025 5274 1055 5318 ut

114 5331 288 5444 praestigiae
298 5321 335 5374 de
348 5321 577 5378 istisfsctionibus
590 5343 686 5380 recens
699 5327 860 5400 esrogitslae
870 5331 1052 5402 equibusdsni

139 5390 254 5460 ophistis
271 5389 488 5446 refutarentur!⁸
525 5393 614 5448 Viteb.
631 5393 706 5452 1619.
732 5400 760 5454 ὃ

79 5477 110 5543 2)
132 5475 247 5530 Cancer.
261 5477 482 5548 disputationes,
500 5481 640 5534 mendose.

78 5559 132 5631 *1)
152 5557 274 5614 Saturni
285 5570 312 5614 st
326 5561 426 5616 dferti's
439 5564 523 5620 edidit
537 5563 678 5624 Cameren

1107 5037 1253 5104 eandem
1282 5055 1385 5100 verae
1411 5033 1595 5102 doctrinae
1617 5055 1761 5114 vocem,
1800 5055 1907 5123 quain
1942 5033 2099 5106 sonabat,

1105 5159 1185 5206 curn
1209 5137 1365 5218 adesses,
1391 5147 1495 5228 teque
1519 5129 1706 5218 adhortor,
1731 5148 1771 5203 ut
1794 5135 1838 5200 ad
1856 5127 2098 5224 philosophica

1105 5237 1223 5308 studia
1249 5237 1370 5308 redeas
1391 5237 1575 5330 aliquanto
1602 5250 1693 5326 post.
1743 5233 1913 5304 Nondum
1934 5233 2029 5304 enim
2058 5235 2094 5301 in

1103 5339 1256 5412 Saxonis
1276 5341 1382 5407 linem
1405 5339 1580 5410 bellorum
1605 5361 1678 5408 esse
1698 5351 1828 5409 metuo.
1887 5333 1958 5406 Sed
1981 5332 2097 5404 Deum

1102 5467 1186 5528 oro,
1221 5455 1262 5512 ut
1286 5435 1349 5514 iias
1368 5465 1555 5516 aerumnas
1573 5440 1718 5530 mitiget.
1770 5433 1867 5508 Bene
1889 5450 1923 5509 et
1945 5437 2096 5508 feliciter

1072 5600 1078 5646 ι
1102 5546 1191 5620 vale.
1243 5543 1368 5616 lilibus
1385 5543 1554 5626 Martiis,
1581 5569 1651 5638 quo
1673 5541 1732 5614 die
1755 5554 1837 5612 ante
1862 5561 1978 5612 annos
1996 5537 2094 5612 16⁰0
