4602 6252
244 365 325 444 ees
833 331 1267 426 rrrsrontnon
1314 331 1420 410 nm.
1444 329 1512 462 rt¹
1543 327 1674 409 retr.
1705 265 1714 282 '¹
1788 377 1794 386 .
2182 327 2235 404 42,

252 567 349 618 nem.
391 537 490 612 'Natu
506 529 654 608 Carolus
667 519 1026 618 imperatormandst
1034 512 1244 586 Norimh'er'·
1291 519 1371 578 reos
1384 505 1540 600 postulat
1555 503 1685 576 mulier
1697 514 1844 595 propter
1860 500 2071 586 cessionem,
2096 501 2130 571 id
2142 501 2234 572 absur-

257 645 356 738 gensi
377 635 542 718 Senatui,
574 646 616 704 ut
636 629 779 702 eiiciant
794 615 1027 696 Osinndrum
1049 629 1084 687 et
1101 608 1148 690 V
1143 611 1246 693 itum,
1293 612 1381 680 dum
1397 621 1466 694 est,
1498 621 1532 678 et
1550 621 1742 699 utrumque
1757 619 1861 696 turpe
1877 616 1946 689 est,
1976 603 2062 672 dare
2076 615 2106 672 et
2118 604 2235 696 accipere

260 761 296 819 et
315 744 482 840 Synodus
506 731 720 808 Tridentinae
752 727 866 798 edidit
884 722 1033 815 impium
1066 720 1247 788 decretum
1292 736 1370 783 eam
1387 710 1584 803 pecuniam.
1634 705 1750 778 Credo
1766 702 1813 800 ¹),
1847 706 2074 799 quantumin
2088 699 2238 776 harveteri

258 860 381 922 contra
396 839 595 916 doctrinam
603 857 722 906 veram
738 832 781 902 de
796 825 1053 900 iustificatione.
1091 817 1168 892 Cur
1180 817 1248 906 igi·
1294 829 1329 886 et
1341 813 1505 884 intricata
1521 833 1623 882 causa
1636 810 1760 889 video,
1787 809 1915 878 melius
1931 831 2023 892 esse,
2046 819 2085 878 ut
2096 807 2239 900 permitte-

258 965 430 1024 ωηωθ
447 945 492 1014 ab
509 935 719 1012 adversariis
734 944 848 1002 sum„
864 927 948 1006 sint,
970 947 1026 995 ,es
1042 925 1118 1014 ipsa
1130 933 1248 990 osten.
1294 932 1353 989 tur
1373 910 1584 994 Vincentio,
1617 925 1658 982 ut
1671 912 1825 982 retineat
1838 910 2049 994 secundam,
2078 923 2110 978 et
2123 907 2239 1000 publicis

260 1053 331 1136 dit,
370 1069 460 1143 quos
481 1040 601 1126 Deus,
641 1051 802 1110 aeternus
836 1043 936 1122 pater
968 1024 1108 1096 domini
1137 1020 1250 1092 nostri
1295 1016 1504 1089 ceremoniis
1519 1013 1661 1107 nuptias
1676 1011 1869 1084 confirmet·
1909 1008 2012 1082 Hanc
2023 1033 2129 1081 meam
2140 1009 2240 1100 episto·

261 1145 584 1241 1,0.,reprimat,
615 1139 673 1210 cui
698 1135 824 1226 gratias
850 1155 931 1220 ago,
963 1127 1060 1222 quod
1085 1122 1250 1216 repressit
1295 1121 1367 1190 lam
1384 1141 1512 1212 quaeso
1527 1130 1567 1188 ut
1582 1114 1883 1188 honiconsulatis.
1934 1109 2068 1205 Scripsi
2082 1110 2242 1180 misericor-

258 1247 512 1332 Marehionem
535 1237 724 1312 Albertum
740 1233 795 1332 *),
829 1232 892 1327 qui
911 1223 1250 1324 argumentum-erit
1295 1223 1353 1292 dia
1377 1243 1570 1313 parvorum
1599 1240 1793 1310 puerorum
1820 1226 1939 1285 motus
1971 1226 2007 1284 et
2034 1212 2092 1306 pia
2111 1233 2196 1284 causa
2213 1207 2241 1306 'i

260 1355 390 1428 veteris
403 1345 570 1421 versiculi
582 1335 657 1438 ⁴³).
1294 1323 1392 1394 Bene
1407 1322 1497 1396 vale.
1528 1319 1598 1392 Die
1613 1327 1647 1394 6.
1660 1317 1787 1390 Martii
1804 1313 1916 1394 1547.
2015 1308 2022 1314 ’

363 1453 431 1526 Fui
442 1446 732 1532 Wittcnbergae,
756 1450 799 1508 ut
816 1436 1002 1508 cuderetur
1021 1431 1112 1501 liber
1126 1421 1252 1498 Metui

260 1561 305 1632 de
322 1552 538 1634 defensione,
563 1567 668 1640 quem
684 1540 789 1630 legia
804 1552 837 1609 te
855 1548 999 1630 propter
1013 1528 1178 1604 historias
1188 1552 1250 1597 ve-

259 1660 335 1734 lim.
373 1643 553 1726 ¹Nondum
570 1671 612 1718 eo
627 1645 816 1718 transferre
827 1638 997 1710 familiam
1008 1656 1149 1725 possum
1167 1655 1250 1722 pro·
1294 1670 1349 1742 No
1377 1667 1477 1740 3768

258 1776 338 1855 pter
351 1755 477 1829 febrim
493 1772 621 1842 parvae
636 1745 790 1838 pueliae,
821 1740 886 1808 filii
906 1733 1063 1812 subint·
1094 1735 1155 1802 sed
1171 1728 1248 1801 Deo
1302 1719 1492 1798 ‹La-„⁶
1526 1769 1531 1772 -

260 1863 405 1934 iuvante
418 1854 520 1926 brevi
538 1875 579 1921 eo
595 1849 731 1920 redibo.
780 1842 885 1914 Nunc
900 1837 988 1930 ῐῦὲἶ.
1004 1862 1087 1952 pann
1106 1825 1187 1926 ἨΜ)
1210 1831 1249 1900 in
1664 1832 1716 1922 G⁴
1737 1835 1913 1922 Maiori·

261 1976 476 2075 quibusdam
493 1970 610 2042 rebus.
641 1962 676 2035 5.
692 1958 800 2032 Mart.
1010 2055 1021 2060 -
1367 1997 1454 2072 Em
1472 1997 1519 2056 tib.
1532 2001 1568 2054 v·
1585 2017 1611 2071 P·
1622 1996 1675 2052 m
1686 2017 1727 2070 ‘q'

260 2168 1251 2235 ...--------—--·-·*
1373 2139 1576 2270 Georgia
1598 2151 1795 2228 Maiori
1822 2153 1917 2254 (tum
1939 2150 2196 2250 Magdebnrgr)

259 2367 318 2442 No
346 2363 459 2436 5767,
1121 2349 1252 2423 mm
1299 2287 1345 2378 S.
1370 2301 1415 2378 D.
1453 2303 1633 2394 ¹Quorum
1649 2304 1804 2374 artificiis
1819 2305 1858 2373 in
1872 2299 1929 2374 bis
1944 2306 2049 2376 terris
2067 2301 2248 2395 cognatiDn

265 2421 440 2498 ..ἐκ
1124 2443 1252 2469 m
1275 2443 1281 2563 Ι
1301 2432 1356 2478 ces
1379 2407 1558 2476 commissi
1582 2407 1673 2490 sint,
1712 2403 1748 2480 oi
1770 2404 2092 2504 συγκρουσθίντες
2116 2421 2162 2487 et,
2193 2429 2248 2474 eon

584 2539 686 2654 Cth
722 2537 935 2619 mollero·
1234 2597 1241 2608 A
1300 2511 1468 2594 sciamus,
1499 2507 1741 2600 tranquilliori
1763 2509 1882 2578 animo
1904 2509 2062 2605 feramus
2083 2505 2161 2578 haec
2176 2508 2248 2588 malr,

1148 2634 1149 2640 ’
1300 2613 1340 2680 in
1357 2608 1487 2704 quibus
1503 2631 1636 2678 sumus.
1685 2607 1768 2678 Nou
1784 2631 1868 2695 nos,
1903 2611 1965 2680 sed
1987 2608 2046 2679 illi
2062 2609 2172 2682 miseri
2185 2619 2250 2688 sunt,

330 2729 414 2812 †Er⁸
421 2721 592 2810 Cplleetione
604 2717 737 2840 minii
751 2713 814 2837 ¹Vol.
827 2712 850 2768 1.
868 2729 896 2783 p.
909 2708 953 2764 24,
977 2707 1116 2779 (Bellenst.
1133 2724 1191 2762 eam
1207 2705 1253 2760 de·
1300 2712 1438 2783 etiamsi
1454 2711 1648 2782 vincerent·
1697 2707 1745 2782 Et
1762 2723 2014 2804 [amensperm
2041 2709 2151 2780 Deum
2167 2709 2251 2776 vindi.

362 2805 511 2870 conpote:
526 2799 660 2866 autograp·
675 2804 692 2839 ⁰
739 2786 793 2852 “i
843 2869 846 2876 ·
1301 2839 1376 2884 cem
1398 2815 1475 2882 fore
1497 2836 1580 2882 suae
1604 2810 1748 2902 gloriae.
1815 2808 1909 2883 Edet
1929 2825 2054 2882 contra
2077 2809 2251 2906 Epicnraeos

1301 2915 1565 2998 testimonium,
1588 2937 1624 2982 se
1637 2913 1803 2983 exartdire
1816 2928 1955 2984 nostros
1969 2915 2137 3003 gemitus,
2158 2926 2187 2982 et
2198 2925 2250 2980 rota

616 3083 619 3095 ·
1241 3097 1247 3102 ,
1303 3031 1446 3088 tuorum
1461 3016 1634 3098 filiorum,
1666 3028 1701 3084 et
1717 3014 1899 3088 similium.
1949 3013 2058 3088 Nunc
2076 3016 2156 3084 audi
2174 3035 2252 3082 novos

262 3127 306 3219 S.
331 3141 375 3212 D.
424 3134 635 3209 Reverende
649 3127 694 3200 D.
715 3093 930 3214 Praeposito
982 3117 1025 3186 ln
1045 3113 1255 3206 hismagnis
1301 3121 1439 3188 sorores
1461 3113 1695 3185 Tridentinae
1727 3115 1885 3208 Synodi,
1925 3118 2141 3187 damnarunt
2168 3137 2251 3183 veram

263 3242 417 3320 miseriis
438 3236 591 3331 publicis
608 3245 641 3302 et
659 3226 806 3323 privatis
826 3223 858 3292 si
875 3245 1061 3312 possumus
1076 3221 1256 3312 aliquibus
1302 3219 1499 3290 doctrinam
1522 3219 1565 3286 de
1586 3217 1670 3300 fide,
1703 3240 1772 3311 qna
1793 3218 1985 3308 recipimur
2005 3220 2048 3287 in
2069 3219 2253 3307 gratiana

262 3347 378 3421 lenire
393 3341 552 3422 dolores,
576 3348 619 3404 ut
628 3330 743 3401 Deum
760 3323 953 3416 tranquilla
971 3322 1182 3392 conscientia
1198 3322 1256 3389 in·
1302 3323 1445 3416 quidem
1471 3313 1569 3388 tetris
1586 3319 1757 3408 portentis
1772 3320 1975 3394 verborum.
2027 3320 2101 3392 Ubi
2117 3321 2252 3408 integrum

246 3451 408 3528 nocent,
433 3440 492 3533 pie
514 3437 674 3507 facimus.
723 3427 832 3498 Nullo
860 3425 995 3517 privato
1017 3425 1155 3492 adfectu
1179 3447 1257 3490 mo·
1302 3421 1435 3492 decreti
1451 3421 1649 3511 exemplum
1663 3433 1788 3492 nactus
1804 3445 1885 3506 ero,
1917 3421 2020 3491 edam
2043 3423 2253 3494 refutationem

264 3571 353 3622 veor
383 3545 424 3612 in
453 3561 558 3610 eausa
592 3529 699 3604 huius
734 3528 856 3597 miseri
887 3519 1043 3594 hominis
1070 3519 1114 3594 V
1109 3520 1259 3592 inceniii
1302 3526 1347 3594 ad
1363 3521 1544 3594 Carolnm.

265 3655 329 3726 sed
344 3693 430 3723 .....
447 3637 475 3738 ¹)
497 3633 712 3710 conscientia
732 3629 844 3721 ipsius
861 3640 897 3696 et
915 3639 1109 3717 postremae
1128 3625 1257 3696 mulie-
1394 3623 1491 3693 Misi
1512 3624 1600 3694 istnc
1622 3647 1741 3693 meum
1764 3647 1961 3710 cursorem,
1991 3639 2033 3696 nt
2055 3627 2156 3698 nohis
2171 3645 2254 3694 mn

264 3757 316 3828 ris
332 3765 366 3822 et
380 3743 486 3816 saluti
502 3759 694 3833 puerorum
712 3753 904 3824 parvorum
920 3726 1070 3800 consuli.
1120 3724 1201 3814 Qua
1217 3727 1257 3794 in
1302 3728 1401 3818 pium
1425 3723 1548 3794 afferat
1571 3723 1752 3796 literarum
1770 3723 1965 3819 Principis,
1990 3743 2119 3820 quern,
2143 3729 2255 3823 quiern-

263 3881 307 3928 re
320 3855 351 3926 si
363 3860 478 3942 potest
491 3835 662 3914 ἐπιείκεια
677 3833 846 3912 inveniri,
871 3831 998 3899 vellem
1015 3851 1094 3897 earn
1109 3823 1258 3898 adhibe-
1303 3853 1372 3922 que
1389 3840 1494 3897 erunt
1509 3827 1641 3915 exitus,
1667 3840 1784 3897 tamen
1803 3832 1957 3918 gaudeo,
1984 3831 2030 3898 de
2046 3827 2172 3902 schol,
2190 3823 2255 3912 „gt

265 3959 354 4032 riin
368 3947 435 4021 hoc
449 3943 602 4036 negotio.
637 3935 838 4030 Responsio
854 3931 990 4022 primae
1002 3930 1165 4000 mulieris
1177 3931 1259 4000 red·
1303 3944 1378 4001 tare
1393 3929 1498 4000 etiam
1515 3929 1608 3998 inter
1629 3927 1783 4002 classica.
1834 3929 1952 4004 carol,
1971 3929 2062 4024 imp,
2080 3948 2257 4003 „nucem

266 4059 321 4130 dit
335 4076 431 4126 nunc
445 4071 520 4119 rem
532 4040 781 4116 difficiliorem.
831 4034 873 4106 Si
888 4055 1032 4122 prorsus
1047 4045 1201 4122 negaret,
1222 4053 1259 4101 se
1304 4046 1365 4104 tur
1384 4023 1617 4102 Osiandrum
1643 4043 1679 4100 et
1702 4027 1743 4103 V
1742 4029 1833 4101 itum
1867 4032 2044 4124 expellere
2077 4059 2117 4104 ex
2139 4026 2257 4104 Eettesia

267 4155 508 4230 habitaturam
526 4167 599 4216 esse
620 4143 723 4233 apud¹
737 4133 836 4210 hunc
856 4131 901 4207 V
895 4131 1110 4219 ineeniium,
1140 4157 1259 4203 meum
1304 4133 1573 4224 Noribergensi:
1606 4130 1677 4204 Sed
1699 4130 1888 4220 Senatum,
1919 4157 2042 4226 spero,
2076 4135 2260 4226 gravitare-

268 4255 459 4332 consilium
473 4260 578 4330 caet,
603 4258 643 4315 ut
660 4235 880 4317 Vincentius
895 4249 1110 4329 postremam
1128 4235 1260 4306 retine-
1303 4259 1519 4328 sponsururn
1537 4257 1621 4308 esse.
1654 4231 1883 4329 Hieronymo
1896 4229 2196 4332 Baumgartnern
2207 4227 2259 4301 nisi

267 4375 323 4434 ret
336 4374 372 4432 et
386 4357 424 4424 in
441 4351 552 4422 alium
568 4346 686 4416 locum
699 4343 866 4432 migraret
881 4337 1259 4430 propterscandalum.
1306 4351 1402 4408 tuam
1421 4337 1616 4425 epistolam,
1638 4351 1674 4407 et
1685 4337 1821 4430 scripsi,
1844 4351 1967 4409 utrem
1983 4355 2102 4411 servet
2115 4340 2261 4426 integrao.

269 4463 378 4554 Quod
393 4477 478 4526 vero
493 4446 680 4542 pecuniam
694 4441 810 4534 prima
823 4441 955 4510 mulier
971 4439 1058 4532 petit
1072 4462 1139 4529 pro
1154 4438 1260 4513 certis
1405 4433 1594 4510 Marcello
1615 4438 1728 4523 dicas,
1759 4441 1790 4508 si
1807 4433 1939 4510 Menii
1950 4435 2130 4540 seriptum
2146 4440 2223 4510 volet
2237 4433 2261 4500 in

268 4565 419 4660 pannis,
452 4553 518 4626 etsi
545 4541 762 4623 Vincentius
784 4543 915 4612 multas
935 4541 1177 4612 excusationes
1195 4541 1260 4612 ad·
1306 4541 1451 4612 latinam
1472 4539 1631 4632 lingnam
1661 4542 1870 4630 transferre,
1911 4558 1951 4615 ut
1972 4559 2143 4638 sequatur
2165 4557 2263 4612 noran

268 4669 357 4748 feri,
389 4677 508 4734 1³³¹?ss
524 4652 580 4744 ²85
600 4673 682 4720 ⁶⁰¹⁰
696 4671 759 4731 ἔθ’
787 4657 829 4715 ui
845 4641 1065 4732 Ρῐθῐῐῐῖῑθῑῖῑ,
1096 4640 1260 4735 atquin·
1307 4644 1508 4716 editionem.
1543 4641 1739 4712 Historiam
1756 4646 1800 4714 de
1814 4643 1946 4735 praelio
1958 4635 2264 4715 Rammium.

155 4808 160 4820 .
271 4760 654 4864 qnianreosdatnrum
669 4773 744 4821 esse
758 4770 824 4839 pro
846 4744 920 4814 illis
934 4745 1039 4814 rebus
1054 4756 1261 4837 quaterent
1306 4769 1344 4815 se
1357 4770 1420 4818 vos
1430 4746 1596 4818 arbitror.
1632 4739 1832 4833 mamus
1844 4743 1921 4816 Deo
1937 4745 2078 4839 gratias,
2105 4737 2265 4841 quodhn-

270 4881 457 4940 annotatae
471 4863 512 4931 in
526 4851 659 4930 charte.
709 4849 818 4942 Quod
831 4870 916 4916 vero
938 4845 1043 4916 etiam
1059 4846 1179 4917 decem
1196 4870 1260 4918 au·
1307 4861 1409 4920 tenus
1431 4847 1596 4940 repressit
1614 4840 1752 4918 hostesn
1769 4840 1817 4943 ”).
1858 4845 1957 4920 Bene
1973 4849 2064 4924 vale.
2101 4849 2167 4922 Die
2184 4837 2264 4936 septi·

1194 5027 1202 5036 ,
1308 4975 1365 5020 mo
1381 4947 1518 5022 Martii.
1754 5007 1758 5016 ,
1821 5027 1824 5039 ¹

1410 5050 1494 5122 vito
1511 5063 1546 5124 et
1561 5049 1735 5124 Marcello
1750 5051 1900 5123 salutem
1913 5065 2011 5145 opto.

304 5127 748 5249 somnisonni..
1163 5221 1170 5236 ι
1270 5115 1275 5125 “
2050 5150 2234 5246 Philippu&

181 5347 187 5354 ,
304 5229 751 5370 ”terrasicca
779 5221 902 5296 ”Vm'‘
918 5219 1261 5293 “mm''
1306 5253 1514 5272 ····-··

304 5393 374 5458 Μ)
393 5384 465 5444 Dedi
480 5393 509 5440 ot
520 5381 620 5452 scripte
634 5385 701 5433 sont
713 5379 742 5432 in
755 5387 874 5448 unoque
886 5371 1000 5443 codiee,
1024 5371 1072 5429 sed
1085 5371 1134 5446 qni
1148 5370 1200 5428 etti
1212 5388 1261 5426 re-
1343 5345 1371 5414 ¹)
1388 5343 1456 5400 Μ’Ϋ·
1467 5343 1545 5442 '2⁸5²'
1557 5347 1660 5444 ἘΜ
1676 5346 1751 5418 ³⁰⁰⁶
1766 5343 2006 5404 mmmm
2019 5357 2090 5420 ΜΟ
2102 5365 2154 5425 ΡΝ
2164 5345 2242 5402 ”³⁹⁸

338 5465 407 5521 lint,
425 5451 538 5513 definire
552 5467 609 5504 non
621 5463 741 5520 ροιωω.
1333 5427 1371 5498 ’2)
1388 5429 1433 5484 De
1448 5427 1585 5485 vincento
1596 5447 1676 5488 censa
1688 5427 1763 5486 coni.
1780 5447 1824 5504 ep.
1836 5428 1864 5488 d.
1876 5431 1905 5488 d·
1921 5431 1968 5490 28.
1979 5433 2060 5490 ror.

304 5543 444 5624 nsspp.
459 5538 554 5594 verne
940 5561 943 5568 »
1154 5567 1160 5578 ,
1346 5512 1576 5588 parassem.

287 2953 501 3052 iohanni
525 2954 757 3038 Fischero
784 2949 952 3049 (Pastori
972 2951 1012 3022 in
1031 2886 1230 3048 Jeiierhog)

272 5047 498 5074 ..-Μ
