4682 6254
51 381 126 460 too
415 496 418 504 ¹
529 467 534 472 ,
617 375 1084 496 1ΕΡΙδΤΟΙιΑΙίΙῙΜ
1140 381 1318 462 [ΛΗ.
1370 383 1504 466 1547.
1880 417 1883 430 ¹
2017 387 2095 464 sto

49 578 124 644 gam
145 552 285 622 mittere
303 551 470 643 potueris.
522 548 576 622 Ex
594 545 789 624 [oachimo
799 508 985 638 intellexi,
1010 568 1045 625 te
1093 553 1159 627 No.
1176 517 1289 629 ³854.
1926 563 2091 682 Q

48 651 276 726 llocblicium
309 669 391 724 ante
422 655 644 724 obsidionem
678 657 897 728 concessisse.
961 653 1044 744 Quo
1098 651 1270 681 Μ

47 772 206 848 tempore
221 749 437 826 Ioarhimus
457 758 550 848 apud
572 754 742 827 Ascanius
763 741 940 849 principes
963 757 1042 827 suit.
1524 732 1579 817 N·
1604 731 1658 816 Ν·

45 858 172 928 Postea
199 881 279 928 carm
304 859 437 928 familia
456 881 519 930 sua
540 857 725 928 Franciam
749 860 902 928 vicinam
926 860 1045 952 profe·
1161 891 1241 962 qq,
1260 907 1353 962 ,W
1373 889 1435 946 „g
1457 887 1552 961 gagg
1570 909 1597 963 p.
1613 887 1681 950 tet.
1719 889 1799 949 eff„
1818 889 1929 966 „mog
1948 889 1978 944 3„
1993 890 2088 946 mg„

46 975 121 1030 ctus
137 973 206 1044 est,
232 960 483 1050 Norimhergse
501 959 721 1052 aliquamdiu
737 983 936 1035 mansurus.
977 949 1044 1030 Gi·
1190 959 1379 1032 inscriptione.

43 1060 188 1156 glernm
209 1062 328 1130 audivi
352 1063 446 1152 apud
467 1063 592 1131 fratem
611 1049 688 1130 ¹esse
707 1062 746 1130 in
768 1061 897 1156 Mysia.
947 1061 1043 1133 Scito
1524 1111 1568 1192 N
1600 1111 1644 1190 N

45 1169 83 1232 in
101 1163 291 1233 Academia
307 1155 608 1256 liegiomontono
631 1163 671 1232 in
686 1161 828 1234 Prnssia
845 1159 962 1233 adbuc
980 1166 1043 1234 de·
1505 1123 1527 1212 (
1567 1172 1577 1193 ·
1643 1118 1672 1208 ⁰)

1 1262 2 1276 ¹
44 1266 194 1335 siderari
224 1267 388 1335 lectorem
411 1261 669 1358 theologicum,
703 1267 839 1359 tibique
862 1267 979 1336 locum
1003 1266 1042 1335 in
1090 1246 1309 1336 Reverende
1324 1265 1430 1339 viret
1445 1269 1556 1336 amice
1572 1265 1786 1339 charissime.
1833 1267 1902 1339 llic
1919 1263 2089 1339 honestus

44 1391 82 1437 ea
98 1364 290 1438 Academia
308 1361 496 1447 honestum
513 1388 587 1437 esse
603 1389 713 1458 posse,
731 1368 762 1437 si
777 1368 918 1458 expetis,
935 1391 1040 1458 quem
1089 1371 1163 1450 vir,
1189 1365 1329 1440 Honos
1354 1364 1534 1453 Ammon,
1559 1366 1742 1465 Cygneus,
1773 1366 2004 1441 honestorum
2024 1393 2089 1438 nc-

44 1471 164 1540 locum
186 1481 221 1538 et
243 1462 460 1539 Ioocltimns
484 1464 567 1538 hinc
590 1469 714 1538 abiens
736 1469 805 1542 sibi
824 1469 956 1538 servari
977 1495 1042 1538 vo·
1089 1472 1270 1561 gociorum
1296 1495 1398 1542 causa
1420 1472 1575 1542 decrevit
1597 1473 1633 1540 in
1656 1475 1782 1541 urbem
1809 1468 1854 1544 V
1849 1467 2087 1541 ralislaviam

43 1573 121 1644 luit.
174 1567 222 1640 Et
242 1593 305 1660 ego
327 1571 480 1642 libenter
493 1573 538 1640 ad
553 1569 756 1662 Principem
770 1565 911 1638 Ducam
924 1563 1042 1640 Pros-
1088 1573 1272 1664 proticisci.
1330 1573 1379 1644 Ut
1405 1569 1518 1644 ibiset
1538 1588 1728 1664 patronum
1749 1573 1904 1668 aliquem
1931 1568 2089 1658 haberet,

43 1671 122 1741 siae
143 1674 190 1766 de
212 1684 247 1741 te
271 1673 434 1742 scribam.
485 1668 654 1743 Arbitror
669 1686 703 1742 te
720 1695 821 1765 posse
838 1695 935 1742 nunc
951 1696 1041 1765 quo-
1090 1676 1207 1745 literas
1221 1675 1254 1744 ei
1268 1678 1313 1745 ad
1330 1687 1364 1744 te
1378 1675 1479 1760 dedi,
1501 1688 1603 1766 teque
1619 1699 1700 1760 oro,
1722 1689 1761 1745 ut
1776 1671 1935 1746 amanter
1950 1698 2029 1744 eum
2042 1674 2086 1742 iis

43 1799 111 1868 que
133 1770 202 1844 huc
225 1776 269 1843 ad
287 1797 352 1844 nos
368 1797 569 1857 excurrere,
598 1796 639 1842 ac
654 1798 772 1844 coram
788 1775 832 1842 de
849 1775 970 1846 multis
985 1799 1042 1842 re·
1089 1777 1227 1846 civibus
1247 1777 1491 1861 commendes,
1517 1801 1668 1869 quorum
1692 1778 1724 1846 ei
1748 1777 1874 1848 notitia
1897 1800 1986 1868 opus
2008 1775 2088 1862 erit,

42 1879 109 1944 bns
135 1875 332 1964 copiosium
363 1871 427 1948 καὶ
460 1871 689 1970 σαφέστερον
717 1876 817 1968 loqui
847 1899 1040 1966 possemus.
1088 1878 1328 1964 videlicetiis,
1349 1877 1413 1972 qui
1428 1901 1565 1968 pannos
1578 1878 1726 1948 mercari
1741 1893 1775 1949 et
1790 1879 1943 1948 vendere
1959 1876 2086 1952 solent,

42 1977 124 2046 ,llea
150 1978 221 2044 lilia
238 1972 351 2046 Anna
375 1976 505 2048 coniux
521 1973 661 2046 Sabini
682 1978 721 2046 in
737 1975 880 2049 Prussia
900 1990 1040 2048 mortua
1072 1977 1226 2049 -Harum
1256 1980 1441 2070 regionum
1471 1979 1690 2049 tristissimae
1722 1980 1935 2050 calamitates
1956 1979 2086 2050 multos

42 2183 86 2249 tis
102 2204 183 2270 erga
200 2177 315 2249 Deum
335 2195 367 2252 et
384 2203 462 2270 erga
479 2181 658 2250 maritum.
694 2176 790 2249 Mihi
803 2181 886 2251 satis
903 2179 1039 2250 tristem
1086 2196 1178 2253 rant.
1231 2178 1371 2253 Adiuva
1392 2182 1501 2272 igitur
1523 2205 1607 2267 nos,
1635 2195 1670 2252 et
1692 2207 1772 2252 cum
1792 2182 1863 2254 tuis
1879 2180 2086 2274 parentibus

41 2283 248 2353 memoriam
265 2284 411 2376 reliquit
427 2305 570 2351 suarum
589 2281 837 2354 calamitatum.
877 2281 945 2352 Sed
963 2283 1040 2373 pri·
1087 2308 1126 2354 ac
1143 2284 1332 2354 nobiscum
1354 2296 1453 2353 orato
1469 2283 1604 2368 Deum,
1629 2297 1670 2353 ut
1686 2309 1805 2375 pacem
1823 2298 1856 2356 et
1870 2281 2036 2355 Ecclesiis
2050 2293 2086 2354 et

41 2398 159 2454 ratum
187 2385 346 2453 dolorem
379 2396 521 2475 superat
555 2383 749 2468 moestitia,
790 2407 859 2476 qna
893 2384 1040 2453 adficior
1086 2381 1243 2454 honestis
1261 2379 1468 2474 bominibus
1483 2385 1658 2460 restituat.
1698 2383 1797 2456 Bene
1813 2388 1900 2457 vale.
1942 2378 2086 2459 Dicae.

41 2499 185 2578 propter
210 2485 477 2575 rempublicam.
527 2477 637 2573 Erigo
661 2497 780 2554 tamen
803 2486 1039 2555 meconsola-
1085 2483 1223 2578 Aprilis
1240 2481 1351 2560 1547.

39 2589 196 2657 tionibus
214 2587 409 2660 „divinitus
446 2585 597 2659 traditis.
667 2583 803 2676 Regem
844 2573 1037 2676 Anglicnm
1890 2584 1956 2660 Pb.
1980 2585 2033 2688 Me

41 2685 238 2758 Hearicnm
260 2689 365 2758 etiam
384 2701 562 2758 mortuum
584 2709 657 2756 esse
673 2701 810 2759 certum
825 2701 887 2760 est.
939 2685 1037 2757 Bene
1713 2707 1717 2718 ·

40 2793 112 2863 vale
129 2805 162 2860 et
177 2791 348 2874 rescribe,
374 2803 436 2862 aut
450 2785 520 2860 huc
536 2789 663 2858 venite.

137 2891 325 2962 Familiam
344 2905 440 2963 tuam
455 2890 561 2961 etiam
579 2884 649 2960 buc
662 2889 833 2961 collocare
847 2891 970 2984 possis.
1082 2924 1149 2998 No·
1174 2920 1287 3000 3355·
1909 2931 1967 2998 25,
1983 2926 2063 3010 Ap,

38 2993 101 3064 Die
120 2991 283 3084 Georgii.
442 3066 447 3076 ,
1088 3021 1301 3060 Μ
1902 2995 2089 3052 wv'

636 3169 641 3178 .
697 3089 831 3187 Philip.
848 3091 983 3164 M²¹³¹¹·
1265 3109 1452 3194 'Eberus
1469 3105 1531 3191 ad
1547 3106 1878 3192 Melanthonem.

43 3249 1031 3316 ---.......-..--.---.-.--...·---
1149 3271 1226 3338 aar
1238 3273 1406 3347 biographo
1419 3271 1500 3328 esen
1513 3271 1543 3326 n
1556 3271 1619 3330 eoa.
1632 3269 1716 3326 cass.
1730 3269 1790 3327 us.
1807 3287 1851 3344 sp.
1866 3267 1910 3324 ss.

37 3427 235 3504 Nasam.
354 3431 358 3446 '
855 3435 1028 3556 Q
1083 3423 1250 3516 (Paulus
1280 3429 1426 3505 Eberus
1456 3426 1513 3502 ad
1557 3425 1833 3530 Philippum
1883 3423 2080 3499 Metan-

42 3527 252 3563 vm
631 3538 635 3548 ”
1467 3529 1678 3626 thonem.)

321 3627 509 3712 mmm
531 3638 744 3717 mmmm·
1079 3661 1124 3751 S.
1151 3679 1198 3756 D.
1248 3675 1462 3774 Experimur
1484 3708 1612 3775 magno
1634 3708 1715 3755 eum
1733 3697 1854 3754 nostro
1870 3682 1987 3766 malo,
2017 3703 2078 3750 ve·

99 3793 185 3864 Epist.
200 3791 249 3846 tib.
263 3790 300 3846 tl.
316 3807 345 3860 p.
357 3789 418 3846 stt.
437 3789 594 3858 (ea.1.0n‹t.
613 3789 661 3845 tib.
676 3790 710 3846 ll.
729 3806 771 3859 er.
783 3791 872 3862 608.).
1079 3783 1259 3854 rissimum
1273 3787 1457 3877 essequod
1473 3799 1574 3876 poeta
1595 3785 1700 3854 dixit:

365 3962 373 3981 .
456 3960 463 3979 .
497 3961 504 3979 .
784 3962 794 3980 .
840 3962 847 3980 .
903 3961 909 3974 .
1163 3909 1275 3972 Omnia
1297 3920 1369 3973 sunt
1390 3909 1547 3975 bominum
1570 3911 1652 3974 tenui
1677 3909 1837 3990 prudentia
1858 3908 1919 3988 lilo,

159 3959 370 4036 mmm
396 3959 558 4034 Mullus
558 3987 580 4032 ⁰
600 3987 667 4034 ⁸¹¹⁰
676 3957 905 4056 fiddm‘m
1159 3995 1201 4058 Et
1222 3995 1323 4059 subito
1347 4015 1422 4061 casn
1444 4017 1523 4077 quae
1544 3998 1670 4097 reluere
1692 4006 1793 4059 ruunt.

32 4101 77 4194 S.
101 4117 146 4191 D.
198 4101 413 4186 Charissime
429 4107 592 4192 Ioanne,
621 4111 743 4185 Toties
763 4135 800 4181 se
819 4112 1030 4184 vocatDens
1077 4109 1167 4182 Heri
1188 4113 1282 4185 inter
1301 4131 1462 4209 quartam
1486 4130 1520 4187 et
1533 4117 1693 4212 quintam
1708 4116 1944 4207 vespertinam
1960 4112 2076 4183 nostri

32 4221 170 4292 Patrem
196 4213 457 4308 orphanorum,
482 4216 665 4284 credamus
687 4215 816 4304 igitur,
840 4229 876 4285 et
890 4231 1029 4286 nostros
1077 4214 1211 4308 equites
1228 4215 1265 4286 in
1279 4218 1398 4309 sugam
1415 4218 1575 4288 conversi
1589 4218 1729 4287 suntad
1745 4216 1917 4309 oppidum
1932 4207 2076 4285 Mutt-

32 4321 229 4418 orpbanos,
254 4341 343 4413 quos
364 4330 403 4387 tu
420 4315 580 4410 quotidie
593 4328 738 4434 gesta.
749 4328 784 4387 et
801 4339 937 4386 summa
952 4317 1028 4408 pie-
1077 4313 1174 4411 berg.
1210 4316 1331 4387 Palam
1351 4320 1406 4388 illi
1423 4321 1512 4389 circa
1528 4320 1679 4410 primam
1695 4315 1819 4388 horam
1835 4317 1949 4387 noctis
1965 4341 2073 4387 vene-

33 4439 100 4496 tate
123 4427 269 4504 educas,
296 4421 329 4490 ei
346 4443 450 4490 curae
466 4441 550 4491 esse.
602 4415 679 4487 lmo
697 4439 762 4487 nos
778 4418 871 4510 ipsos
886 4443 1028 4512 qnoque
1076 4433 1158 4488 runt
1182 4423 1225 4488 ad
1249 4421 1387 4495 urbem.
1436 4419 1556 4491 Nostri
1576 4423 1810 4512 suspicantes,
1836 4443 1909 4488 esse
1928 4416 2072 4487 hostiles

29 4553 108 4598 cuin
133 4549 253 4596 revera
279 4521 389 4592 simus
404 4515 573 4611 orphani,
599 4519 750 4589 sciamus
765 4521 811 4590 ab
827 4545 868 4590 eo
884 4535 917 4590 et
933 4522 979 4590 ali
994 4536 1028 4592 et
1075 4521 1239 4604 insidias,
1270 4523 1491 4592 conclamare
1514 4524 1692 4593 iusserunt
1715 4525 1759 4592 ad
1789 4544 1896 4590 arma.
1952 4516 2073 4588 Exeu-

29 4629 184 4721 protegi‚
218 4640 252 4695 et
275 4647 340 4694 rios
361 4623 429 4712 ipsi
447 4621 745 4695 commendemus.
797 4619 1027 4693 Fretuscon-
1075 4621 1153 4691 biae
1175 4623 1378 4706 lucrantia
1395 4624 1488 4694 vallo
1503 4627 1672 4719 usquead
1689 4623 1904 4705 diluculum,
1931 4620 1994 4690 ubi
2011 4644 2070 4688 ae·

28 4733 170 4802 scientia
200 4741 312 4797 rectae
339 4725 532 4794 voluntatis
554 4738 588 4794 et
616 4722 888 4810 moderationis,
920 4749 1026 4818 quam
1073 4747 1134 4814 gre
1160 4738 1241 4795 sunt
1271 4726 1383 4815 agniti
1411 4727 1525 4804 nostri
1555 4741 1589 4796 et
1612 4726 1744 4816 recepti
1771 4725 1809 4792 in
1833 4723 1975 4804 urbem
2006 4719 2070 4814 qui

29 4829 341 4902 turbulentissimis
357 4827 577 4918 temporibus
595 4825 770 4917 praestiti,
791 4827 953 4897 nondum
967 4829 1026 4897 fn·
1073 4826 1245 4895 nuncium
1277 4829 1471 4898 attulerunt
1499 4829 1542 4897 de
1572 4825 1774 4898 foedissima
1795 4837 1907 4913 strage
1933 4834 1967 4891 et
1987 4822 2069 4912 luga

25 4959 108 5022 gere
129 4932 285 5014 decrevi,
316 4926 447 4998 acDeo
470 4929 634 5011 iuvante,
667 4928 711 4998 ad
736 4951 799 4996 vos
823 4929 914 4999 intra
936 4931 1026 4999 octi-
1075 4939 1289 5002 nostrorum.
1339 4927 1422 5000 Duo
1444 4931 1600 5000 iuniores
1622 4925 1799 5018 principes
1816 4925 1880 4994 filii
1896 4920 2072 4994 Electoris

25 5041 137 5106 duum
155 5060 224 5105 nna
242 5057 323 5100 cnm
342 5029 483 5118 collegis
502 5031 680 5098 rediturus
697 5053 786 5101 sum.
838 5029 924 5100 Misi
942 5027 1025 5102 bine
1073 5043 1106 5099 et
1122 5019 1225 5098 Otho
1238 5031 1309 5100 dux
1324 5029 1619 5111 Brunsvicensis,
1648 5025 1691 5100 V
1687 5024 1734 5097 to·
1745 5026 1928 5118 discipuli,
1954 5026 2072 5094 redie-

24 5139 197 5208 nuncium
215 5137 256 5203 ad
274 5155 354 5213 vos,
380 5132 435 5200 cui
451 5132 533 5200 dedi
553 5131 695 5221 paginas
711 5125 927 5202 exhibendas
942 5131 1024 5202 Ma·
1071 5146 1166 5205 runt.
1218 5131 1386 5202 Nostrum
1402 5133 1598 5225 piissimum
1617 5143 1651 5200 ct
1665 5128 1951 5199 adllectissimnm
1967 5127 2070 5216 prin-

23 5232 290 5328 gistroPon103
318 5257 420 5325 spero
443 5234 584 5301 eumad
601 5255 662 5302 vos
679 5235 896 5324 pervenisse,
923 5234 1022 5304 vide-
1070 5234 1181 5323 cipem
1205 5229 1405 5306 Electorem
1435 5235 1594 5304 nondum
1620 5231 1828 5321 accepimus.
1889 5224 2068 5299 Amultis

22 5343 132 5411 batur
157 5342 252 5410 enim
284 5333 391 5405 bomo
421 5359 494 5402 non
519 5359 632 5404 vanus
655 5357 747 5416 esse,
784 5348 818 5406 et
839 5336 926 5406 civis
948 5351 1022 5407 erat
1070 5335 1200 5406 dicitnr
1223 5349 1361 5427 captos,
1392 5333 1734 5427 aplurimistamen
1758 5331 1863 5401 nobis
1877 5350 1956 5422 spes
1970 5329 2009 5398 lit
2022 5329 2068 5396 de

22 5441 226 5532 Torgensis.
298 5436 462 5506 Nostram
496 5436 665 5503 familiam
697 5435 763 5504 tibi
799 5441 1020 5511 commendo.
1069 5437 1144 5504 eius
1166 5437 1339 5506 incolumi
1360 5440 1530 5521 adventu.
1582 5434 1680 5507 Deus
1701 5446 1863 5504 aeternus
1886 5445 1984 5522 pater
2000 5429 2067 5500 do-

19 5543 122 5612 Bene
138 5559 171 5616 et
188 5541 338 5614 feliciter
351 5539 440 5610 vale.
491 5535 557 5608 Die
575 5536 735 5627 Georgii.
1069 5537 1158 5607 mini
1190 5540 1302 5610 nostri
1331 5537 1409 5609 lesu
1431 5533 1566 5609 Christi
1588 5559 1670 5608 eum
1693 5533 1906 5606 incolumem
1929 5532 1975 5602 ad
2001 5553 2068 5600 nos
