4682 6254
166 249 169 266 Ι
225 324 301 402 479
395 380 400 386 .
479 341 482 350 ·
825 308 1259 390 EPISTOLARUM
1310 307 1486 399 ntum
1540 305 1671 386 1647.
2203 309 2262 385 tte

1049 581 1222 614 ὍΝ

228 501 298 579 Νο.
313 499 427 575 8828.
1089 499 1123 562 8.
1140 489 1221 574 Aps.
1289 499 1392 556 antea
1429 481 1708 566 adliciebamini,
1756 495 1789 553 et
1827 505 1925 554 nunc
1963 483 2127 556 societate
2169 483 2263 558 luctus
2318 504 2319 556 t

237 599 409 630 „m

555 642 907 757 ophpannonw·
972 649 980 656 ¹
1288 714 1385 762 meos
1401 688 1594 764 declaratis.
1645 686 1792 759 Utinam
1807 688 1910 758 vobis
1930 687 2085 760 vicissim
2106 690 2263 762 declarare

384 827 470 903 Epist.
484 826 574 882 ttuv.
596 844 623 896 p.
638 823 691 882 ⁸27
704 842 744 896 sq.
1288 817 1403 864 meam
1420 815 1501 883 erga
1518 813 1582 862 vos
1598 790 1882 860 benevolentiam
1901 791 1940 860 in
1962 791 2179 882 aliogenere
2200 795 2263 863 offi-

1289 895 1336 966 cii
1364 895 1576 966 iucundiore
1604 893 1747 985 possim.
1817 891 1904 962 Misi
1933 889 2031 964 hune
2062 895 2265 966 tabellarium

142 1023 146 1028 ·
266 981 411 1062 Chris
423 977 564 1086 1⁰de
577 1006 626 1054 '⁰
645 975 709 1054 Pa
719 1006 743 1051 1¹
755 980 896 1051 ”⁰³5⁰
922 973 1132 1078 (Th301080
1159 977 1199 1050 1⁶7¹
1288 999 1396 1083 istuc,
1422 1021 1497 1067 non
1512 1009 1583 1066 tam
1598 1009 1639 1066 ut
1652 995 1722 1066 cito
1737 995 1973 1066 redderentur
1991 997 2058 1069 tibi
2074 997 2193 1069 literae
2210 999 2265 1066 viri

558 1081 674 1162 Acad·
697 1079 901 1182 anwsd
1289 1099 1473 1170 clarissimi
1490 1097 1534 1169 D.
1549 1095 1715 1168 Doctoris
1730 1092 1951 1191 Augustini,
1978 1123 2084 1194 quarn
2099 1114 2140 1171 ut
2160 1095 2265 1169 Victo

229 1204 274 1299 S,
306 1222 353 1298 D,
424 1220 637 1293 Doctissime
670 1232 704 1290 et
734 1213 938 1289 charissime
967 1212 1238 1310 Christophore,
1290 1192 1774 1273 rinolradanlurloacht'mt'
1788 1201 1922 1287 literae,
1944 1203 2007 1295 qul
2022 1202 2092 1272 iam
2109 1203 2146 1271 ln
2156 1195 2264 1270 Fran·

1287 600 1322 657 et
1342 587 1541 660 moestitiae
1565 584 1847 656 benevolentiam
1871 598 2022 657 vestram
2056 609 2137 678 erga
2164 605 2262 662 meet
2318 569 2319 648 l

202 1320 617 1398 ,Paulusnostereum
634 1321 714 1394 aliis
731 1345 768 1392 se
786 1320 968 1392 beneficiis
989 1334 1059 1391 ate
1076 1335 1238 1393 amanter
1290 1303 1367 1375 ⁶5⁶0
1389 1328 1487 1374 oram
1509 1328 1591 1373 cum
1618 1303 1753 1372 familia
1784 1305 1962 1395 profectus
1988 1319 2051 1378 est·
2111 1301 2263 1374 Catulum
2319 1319 2320 1366 ὲ

233 1443 403 1498 ornatum
423 1451 495 1496 esse
520 1438 657 1510 narrat,
687 1438 764 1495 tum
792 1421 860 1494 hoe
890 1423 1098 1515 praecipue,
1139 1424 1236 1517 quos]
1290 1407 1380 1499 lmp.
1394 1407 1583 1478 adfirmant
1605 1406 1651 1475 ad
1668 1401 1816 1498 Egram
1840 1407 2038 1492 accessisse,
2065 1407 2129 1477 ubi
2154 1407 2264 1477 exerci-

232 1524 495 1626 ὁμοτράπεζον
514 1527 646 1609 fecisti,
675 1551 783 1621 quam
808 1525 1085 1597 familiaritatem
1110 1539 1143 1596 et
1162 1527 1237 1618 ipse
1289 1525 1346 1582 tus
1368 1507 1574 1581 Caesariani
1601 1521 1636 1578 et
1659 1506 1879 1578 Mauriciani
1901 1509 2174 1600 coniungantur.
2219 1507 2264 1578 ln·

233 1625 369 1704 iudicat
392 1629 449 1728 (ut
470 1643 643 1715 vetustas,
675 1629 804 1701 melius
827 1641 985 1714 morata,
1018 1653 1124 1721 quam
1149 1623 1237 1698 haee
1288 1626 1358 1685 stat
1373 1613 1482 1703 igitur
1496 1608 1653 1704 Epitasis
1666 1611 1770 1697 belli,
1797 1635 1904 1704 quam
1920 1609 2017 1682 Deus
2040 1610 2265 1696 aeternusPa·

219 1741 347 1814 aetas,
369 1733 560 1826 sentiebat)
576 1732 748 1823 singulari
764 1731 937 1821 religione
953 1731 1138 1801 colendam
1149 1753 1236 1805 esse.
1289 1729 1343 1786 let
1362 1714 1512 1785 Domini
1537 1713 1650 1783 nostri
1674 1711 1753 1783 Iesu
1776 1708 1911 1784 Christi
1948 1715 2141 1804 gubernet,
2180 1739 2264 1808 quem
2320 1785 2321 1792 ,

231 1836 324 1910 Cum
344 1835 456 1926 igitur
472 1835 576 1905 initio
602 1859 684 1905 eum
706 1847 854 1926 propter
873 1855 971 1902 meas
995 1833 1114 1904 literas
1137 1857 1236 1904 eom.
1289 1833 1362 1890 toto
1389 1830 1528 1910 pectore
1548 1840 1631 1902 oro,
1664 1830 1705 1887 ut
1726 1817 1772 1885 ab
1795 1812 1965 1886 Ecclesiis
1987 1817 2121 1887 nostris
2141 1831 2173 1888 et
2189 1841 2206 1886 a
2221 1841 2265 1884 ve-

233 1940 358 2032 plexus
391 1939 461 2022 sis,
502 1936 653 2027 gratiam
685 1932 911 2009 tibi'habeo.
971 1934 1098 2006 Postea
1125 1935 1237 2030 ipsius
1289 1922 1371 1993 Sitis
1401 1919 1623 2036 ⁰0¹¹i¹lglb¹¹⁸5
1644 1929 1679 1986 ‘l
1703 1918 1822 2036 Parvi}
1842 1919 2009 2038 gregibus
2032 1920 2222 1990 llbefflfflffl
2241 1931 2265 1986 ²¹

231 2041 408 2112 modestia
428 2055 463 2111 et
478 2041 650 2130 gravitate
668 2052 702 2110 te
723 2041 772 2109 'ad
791 2040 867 2109 eius
889 2037 1080 2120 amicitiam
1105 2040 1237 2109 invita·
1290 2022 1425 2093 nidulis
1447 2019 1697 2117 Hlspflmwm
1727 2033 1910 2090 saevlilam
1939 2033 2066 2095 arceat.
2128 2019 2219 2091 Bene
2242 2037 2265 2088 tt

233 2157 310 2214 turn
330 2165 405 2213 esse
421 2167 497 2212 non
513 2141 652 2211 dubito.
1288 2125 1440 2196 feliciter
1452 2125 1542 2197 vale.
1594 2123 1666 2193 Die
1681 2146 1752 2215 quo
1771 2122 1968 2193 celebratur
1983 2125 2156 2195 memoria
2171 2125 2265 2194 admi·

334 2242 392 2315 De
406 2243 607 2336 Republica
634 2265 731 2312 nunc
747 2237 840 2312 nihil
857 2242 994 2328 scribo,
1020 2245 1104 2338 quia
1119 2243 1236 2335 prius.
1289 2228 1394 2299 randi
1417 2226 1559 2297 consilli
1583 2225 1721 2308 (livini,
1747 2248 1818 2318 quo
1842 2224 1976 2297 Filium
2002 2240 2166 2298 delemus
2183 2225 2265 2298 Patet

232 2370 339 2442 quam
365 2337 511 2415 Paulus
533 2346 624 2416 istuc
647 2343 786 2429 veniet,
826 2343 949 2415 audies
980 2345 1139 2414 fortassis
1153 2339 1236 2417 -τὸν
1288 2356 1353 2422 Pl'0
1367 2330 1474 2401 11⁰bi⁸
1490 2328 1671 2399 victimam
1685 2326 1763 2397 fieri
1778 2327 1903 2398 voluit·

231 2443 342 2548 dardi
366 2448 412 2517 ad
433 2441 558 2516 Albim
580 2446 774 2519 advolasse.
831 2441 913 2533 Qua
938 2445 982 2514 de
1004 2469 1044 2514 re
1066 2445 1236 2538 cogitanti

231 2551 332 2626 venit
349 2549 389 2619 in
403 2562 578 2634 mentem,
606 2573 647 2618 eo
665 2571 774 2634 anno,
800 2569 872 2640 quo
888 2572 908 2618 a
923 2540 1120 2618 Friderico
1136 2547 1236 2620 Duce

231 2651 409 2726 Saxouiae
426 2645 589 2721 Carolus
603 2653 733 2722 electus
749 2663 814 2734 est,
838 2651 946 2740 paulo
963 2666 1045 2723 ante
1057 2651 1137 2733 iter,
1163 2674 1235 2744 quo
1288 2699 1323 2771 N
1373 2698 1475 2772 3330
2181 2702 2209 2767 Α

229 2753 530 2827 Francoiordiam
555 2754 598 2822 ad
624 2751 800 2822 Moenum
830 2754 876 2822 ad
901 2749 1124 2824 Electionem
1150 2777 1237 2846 pro·
1298 2727 1488 2824 L„
2109 2703 2259 2824 w

230 2858 459 2929 ficiscendum
498 2855 584 2941 fuit,
631 2854 790 2949 aquilam
824 2869 860 2926 et
886 2855 1089 2947 aquilarum
1118 2857 1236 2948 pullos
1644 2881 1689 2970 V
1721 2879 1814 2969 sm·
1848 2883 1930 2968 &pl-⁰

230 2985 311 3032 cum
332 2960 424 3029 nido
453 2960 492 3029 in
524 2981 670 3028 nemore
698 2949 929 3052 Thebano*)
957 2957 1122 3028 inventos
1152 2981 1238 3044 esse,
1665 2947 1697 3012 ³⁸
1811 2912 1847 3014 g
1927 2949 1938 2973 ⁶

235 3085 325 3158 quos
338 3061 427 3132 vidi.
478 3059 578 3132 Bene
594 3061 685 3134 vale.
739 3055 804 3133 vt
822 3057 907 3129 ldus
923 3054 1072 3150 Aprilis.
1360 3033 1449 3132 apti.
1466 3061 1515 3120 trs.
1532 3061 1569 3118 n.
1589 3078 1617 3134 p.
1631 3061 1688 3119 tat.
1712 3061 1789 3132 (aaut.
1804 3061 1894 3137 eona.
1911 3059 1958 3116 us.
1975 3059 2010 3116 n.
2027 3079 2070 3134 ep.
2087 3061 2171 3130 ross.

933 3157 1135 3254 Philippus.

1434 3217 1604 3291 Domino
1623 3218 1891 3312 ‚Victorino
1913 3217 2151 3315 Strigelio

827 3381 1233 3410 ÷-—-—---
1292 3341 1335 3426 S.
1357 3357 1403 3433 D.
1459 3355 1539 3429 Etsi
1560 3359 1745 3430 literarum
1769 3360 1885 3432 studia
1908 3358 2103 3431 conterrita
2127 3359 2267 3430 civilibus

125 3553 127 3558 η
182 3491 186 3498 ·
342 3522 390 3593 82
556 3545 559 3550 Ι
1122 3523 1198 3588 Α,
1292 3462 1420 3544 armis,
1444 3461 1669 3550 languidiora
1694 3485 1792 3532 nunc
1814 3485 1887 3533 esse
1909 3463 2087 3532 videmus:
2116 3477 2224 3534 tamen
2242 3471 2266 3526 et

233 3523 429 3649 w·
1061 3525 1239 3643 Q
1292 3559 1488 3634 Ecclesiam
1504 3564 1604 3632 Deus
1619 3576 1784 3635 aeternus
1797 3564 1902 3638 Pater
1915 3562 2063 3635 Domini
2081 3565 2194 3636 nostri
2208 3561 2266 3632 lesu

564 3673 657 3757 Iac,
690 3671 910 3760 Milichie),
1292 3661 1440 3746 Christi,
1463 3677 1498 3736 et
1514 3689 1635 3734 semen
1650 3679 1811 3738 sanctum
1826 3659 1992 3760 aliquod,¹
2009 3681 2051 3737 nt
2058 3662 2204 3738 Esaias
2217 3689 2266 3734 no

1293 3768 1424 3852 minat,
1458 3769 1624 3842 servabit.
1688 3767 1851 3864 Cumque
1873 3793 2009 3862 sperem
2032 3771 2070 3839 in
2095 3795 2136 3840 ea
2159 3793 2213 3852 re,
2240 3767 2266 3833 id

306 3857 392 3948 Epist.
408 3854 457 3910 tib.
475 3852 509 3966 ¹¹j
530 3871 555 3928 Ρ·
570 3852 633 3907 ⁴⁵²·
653 3852 709 3920 (et.
722 3851 811 3908 Μ·
826 3851 875 3908 Μ’·
887 3850 922 3908 ¹¹·
939 3870 983 3924 ‘P‘
998 3853 1084 3922 ⁴⁷⁶³·
1199 3955 1204 3960 Ι
1293 3884 1363 3955 est,
1397 3871 1436 3940 in
1461 3871 1605 3942 tuendis
1624 3865 1802 3941 Ecclesiae
1826 3872 1988 3966 reliquiis
2014 3885 2049 3942 et
2071 3869 2267 3948 erudiendis,

339 4054 345 4060 ,
454 4079 456 4084 Ι
486 4009 540 4088 D·
563 4007 737 4083 Iacobo
759 4005 998 4084 Milichio
1292 3985 1326 4042 te
1344 3972 1505 4044 futurum
1522 3997 1596 4044 esse
1617 3966 1802 4072 σύνεργον
1815 3974 1929 4046 θεοῦ·
1958 3974 2086 4046 studiis
2103 3976 2173 4048 tuis
2186 3971 2267 4042 valde
2323 4033 2324 4040 ,

509 4147 517 4165 .
650 4147 687 4163 ,,
770 4147 779 4164 ,
1031 4147 1040 4164 ,
1096 4148 1105 4166 ,
1212 4149 1221 4167 ‚
1292 4075 1410 4161 faveo,
1436 4089 1471 4146 et
1486 4077 1606 4147 Deum
1621 4100 1747 4168 precor
1761 4090 1801 4148 ut
1825 4101 1864 4148 ea
1887 4079 2069 4170 gubernet.
2124 4075 2177 4147 Te
2198 4097 2267 4168 qno

233 4130 280 4225 S.
306 4151 356 4224 D.
408 4147 482 4220 Tot
507 4170 578 4217 ram
602 4169 707 4217 annus
728 4147 838 4217 libam
861 4145 939 4218 Deo
974 4148 1124 4218 assiduus
1146 4164 1239 4220 vous

2322 4049 2324 4088 l

1292 4201 1361 4270 que
1376 4174 1565 4264 adhortor,
1590 4193 1630 4249 ut
1648 4179 1839 4249 amicitiam
1858 4195 2016 4252 nostram
2032 4192 2164 4252 tueare.
2197 4175 2267 4246 Pro-
2323 4177 2324 4242 i

236 4250 505 4334 ⁰⁰¹¹¹¹¹¹⁰¹¹divlv
552 4272 642 4342 ‘luae
672 4273 747 4320 ”0¹¹
785 4249 985 4321 existimavi
1017 4249 1120 4321 irriti
1152 4252 1239 4332 ὦκ’
1293 4281 1369 4351 dest
1392 4281 1488 4350 enim
1513 4277 1694 4352 Ecclesiae
1718 4283 1942 4352 eruditorum
1967 4281 2185 4352 coniunctio.
2229 4275 2268 4346 Ac
2323 4245 2324 4336 l

234 4355 441 4450 praesertim
459 4377 540 4422 cum
556 4353 743 4424 manifesta
761 4353 839 4423 luce
857 4352 998 4436 divina,
1023 4348 1115 4422 mibi
1131 4355 1240 4434 semel

234 4459 344 4530 stanti
367 4458 405 4526 in
428 4451 578 4547 templo,
612 4454 848 4545 significatum
872 4453 936 4538 sit,
957 4454 1067 4524 liliam
1084 4452 1161 4526 Deo
1177 4480 1240 4584 cu:

237 4585 297 4632 rae
331 4561 487 4630 suturam
514 4580 599 4631 esse.
666 4554 787 4645 Quare
809 4557 874 4625 etsi
900 4557 1075 4627 naturalis
1101 4581 1239 4658 στοργη
1292 4600 1502 4682 „pappareg'
1526 4589 1797 4680 valdepmbafi,
1824 4587 1869 4663 οὐ
1881 4585 2021 4684 χρυσὸς
2034 4585 2184 4686 ἀγλαὸς,
2199 4577 2267 4658 οὐδ»
2323 4631 2324 4658 3

239 4664 332 4756 parit
352 4655 443 4731 mibi
465 4683 561 4729 acres
581 4658 742 4740 dolores,
772 4657 942 4747 cogitanti
956 4660 1001 4727 de
1017 4659 1093 4730 eius
1109 4674 1238 4731 morte:

234 4780 356 4838 tamen
370 4788 450 4834 cum
463 4785 600 4854 sperem
616 4783 693 4828 eam
707 4759 882 4829 divinitus
897 4759 936 4828 in
949 4761 1150 4834 societatem
1160 4787 1240 4834 coe-

236 4867 334 4940 lestis
350 4862 531 4937 Ecclesiae
547 4863 744 4931 traductam
754 4884 835 4932 esse
851 4857 1017 4954 (luerunt
1029 4866 1124 4934 enirn
1139 4866 1240 4956 sigua

236 4969 378 5066 pietatis
400 4977 484 5038 ante
506 4975 657 5062 mortem
682 4964 835 5035 illustria
856 4987 938 5054 erga
960 4965 1081 5036 Deum
1104 4982 1138 5038 et
1159 4992 1240 5059 erga

236 5071 432 5150 maritum,
458 5081 500 5139 ut
514 5062 681 5136 Sabinus
703 5067 778 5159 ipse
801 5063 962 5163 scribit,)
987 5062 1055 5140 bac
1077 5073 1240 5142 consola-

233 5175 332 5247 tione
353 5169 544 5265 praecipua
570 5191 626 5238 me
646 5169 763 5259 erigo.⁶
814 5168 901 5240 Tibi
926 5194 1011 5242 vero
1039 5183 1074 5241 et
1095 5173 1240 5244 caeteris

236 5277 358 5348 amicis
374 5271 523 5364 gratiam
544 5265 679 5356 habeo,
705 5271 804 5366 quod
819 5286 854 5344 et
870 5273 971 5344 illius
994 5273 1239 5346 misericordia

1293 4683 1441 4782 ἀδάμας
1457 4687 1576 4772 οὕτως
1591 4682 1793 4784 ἀστράπτει
1810 4687 1901 4787 πρὸς
1917 4691 2031 4788 ὄψεις,
2058 4685 2110 4771 ὥς
2127 4687 2269 4790 apator

1293 4785 1447 4889 ἀνδρῶν
1470 4785 1733 4889 ὁμοφράδμων
1755 4786 1891 4888 νόησις.
1924 4843 1929 4854 ·
1957 4793 2098 4863 Horum
2121 4809 2269 4864 versuum

1292 4896 1476 4966 doctrinae
1499 4896 1796 4987 obtemperemus.
1848 4895 1945 4966 Bene
1966 4896 2046 4964 vale
2069 4909 2103 4966 et
2127 4894 2270 4966 rescribe·

1292 4997 1365 5068 Die
1388 5023 1460 5092 quo
1492 4999 1661 5068 memoria
1692 4999 1889 5069 celebratur
1919 4998 2122 5068 admirandi
2148 4991 2269 5068 consilii

1292 5099 1427 5184 divini,
1453 5124 1523 5193 quo
1551 5113 1716 5171 aeternus
1732 5099 1836 5173 Pater
1858 5099 1992 5172 Filium
2012 5122 2078 5191 pro
2103 5101 2205 5172 nobis
2226 5095 2270 5162 ti·

1292 5202 1435 5273 etimarn
1452 5202 1527 5271 lieri
1541 5202 1666 5276 voluit.
2022 5211 2024 5221 ⁴

269 5526 300 5592 ¹¹¹)
321 5527 379 5580 ie.
398 5523 426 5578 iu
441 5521 527 5594 sylvis
543 5523 572 5578 in
588 5523 686 5578 ricinia
701 5523 796 5596 oppidi
812 5525 925 5582 Dllbeu.

1293 4406 1395 4474 saepe
1426 4384 1542 4454 nostri
1570 4385 1709 4453 ordinis
1740 4380 1948 4455 bominibus
1981 4407 2105 4454 versus
2133 4379 2269 4456 recitavi,
2323 4409 2324 4446 t

1292 4486 1355 4577 qui
1371 4499 1491 4557 extant
1504 4486 1543 4554 in
1560 4488 1713 4581 quadarn
1725 4487 1872 4577 epistola
1881 4479 2068 4570 Platonis,
2094 4485 2162 4577 ipsi
2174 4485 2269 4556 etiam.
2323 4499 2324 4520 ¹
