4778 6258
88 408 163 488 105
666 414 1106 496 setsronatttttt
1170 417 1280 499 LlB.
1313 419 1360 496 tt.
1414 417 1548 500 1546.
1598 441 1606 453 ·
2061 423 2134 496 106

86 588 160 662 siae
184 581 369 694 Christi').
427 585 483 670 Et
505 589 549 670 ii:
577 593 666 670 meis
682 591 796 672 literis
818 593 864 670 ati
880 583 1117 670 Cot-dutum'
1241 589 1351 688 Quod
1373 612 1459 668 vero
1480 594 1608 672 attinet
1623 597 1667 670 ad
1683 590 1924 694 quaestionem
1939 599 1984 672 de
2000 589 2135 670 ieiunio

88 717 246 796 apparet,
269 725 328 772 me
345 703 389 772 de
402 715 556 796 utmque
571 704 663 774 bene
678 716 713 773 et
728 695 932 796 amanter⁰)
948 701 1090 787 sentire,
1138 699 1398 787 caeremoniali,
1424 725 1469 772 ne
1485 695 1580 774 hanc
1593 703 1738 798 quidem
1753 725 1893 774 causam
1909 703 1993 774 satis
2007 704 2136 774 iustam

88 808 135 878 de
166 818 201 874 te
231 816 268 875 et
297 804 341 875 de
368 817 526 898 pastore:
559 806 760 898 quodcum
785 803 1009 874 verissimum
1034 805 1090 890 sit,
1137 818 1199 875 aut
1219 804 1363 893 dignam
1385 826 1459 874 esse
1482 803 1624 892 iudico,
1658 819 1699 876 ut
1722 819 1867 900 propter
1891 830 1969 877 eam
1997 805 2134 876 bellun:

88 931 260 998 magnum
274 907 392 1001 accepi
405 906 583 977 dolorem:
618 920 804 1001 postquam
815 903 844 1002 ⁷)
861 930 903 975 ex
917 907 990 976 tuis
1007 907 1089 976 lite·
1137 906 1363 978 inferendum
1378 921 1481 998 putes
1495 909 1560 978 toti
1574 908 1708 996 agmini
1723 910 1929 988 docentium
1945 909 1985 976 in
2002 907 2133 978 nostris

89 1011 139 1082 ris
151 1010 323 1095 intellexi,
346 1033 409 1080 vos
425 1023 462 1080 et
476 1010 660 1080 sententiis
675 1023 710 1080 et
725 1009 969 1079 voluntatibus
984 1008 1089 1078 dissi·
1135 1005 1315 1083 Ecclesiis.
1378 1007 1462 1079 Non
1487 1010 1559 1078 iam
1591 1013 1636 1080 de
1667 1034 1705 1080 re
1737 1011 1812 1102 ipsa
1835 1011 1968 1096 dicam,
2006 1011 2067 1080 sed
2090 1011 2135 1080 de

89 1115 186 1186 dere.
239 1109 1090 1206 Cumqueinpropositionibustuistamatrociter
1136 1110 1313 1202 parergis,
1347 1135 1436 1204 quae
1458 1113 1647 1184 admisces:
1682 1137 1772 1206 quae
1794 1115 1851 1183 cui
1876 1107 2013 1184 theatro
2037 1127 2135 1204 grata

91 1208 450 1307 reprehendastotum
461 1229 600 1284 coetum
609 1214 897 1285 concionantium
916 1213 955 1282 in
964 1209 1090 1282 Eccle-
1136 1214 1226 1299 sint,
1252 1237 1327 1283 non
1351 1225 1403 1283 est
1425 1215 1627 1286 obscurum.
1686 1214 1833 1286 Plaudit
1857 1216 1894 1284 in
1911 1216 2030 1285 sinum
2044 1215 2133 1284 vici·

90 1319 150 1388 siis
169 1317 318 1403 nostris,
351 1318 446 1410 quod
468 1339 542 1386 non
566 1317 685 1388 dicant
698 1319 743 1387 dc
761 1315 895 1386 ieiunio
910 1339 1088 1384 caeremo-
1135 1339 1204 1385 nus
1226 1329 1343 1385 vester
1356 1307 1655 1415 Libusionus¹⁵),
1683 1341 1763 1388 curn
1779 1318 1879 1388 audit
1894 1331 1928 1389 te
1944 1341 2034 1410 pene
2049 1318 2135 1388 uni·

90 1419 197 1500 niali,
231 1419 294 1488 sed
324 1431 463 1490 tantum
492 1420 537 1489 de
570 1413 819 1511 temperantia:
862 1441 1013 1511 cumque
1043 1420 1087 1486 de
1135 1441 1278 1488 versum
1308 1440 1435 1509 agmen
1467 1421 1758 1491 concionatorum
1781 1415 1889 1490 huius
1914 1420 2037 1490 aetatis
2060 1432 2133 1488 tam

91 1522 267 1614 baptismo
290 1518 436 1592 loannis
458 1521 645 1592 dissentire
668 1535 701 1592 te
727 1515 929 1614 ostendas⁸)
963 1543 1086 1590 amea
1135 1521 1301 1590 atrociter
1322 1516 1592 1612 reprehendere.
1653 1520 1737 1592 Non
1770 1523 1915 1608 docent,
1955 1515 2134 1616 inquis¹⁶),

91 1623 330 1718 qualicunque
345 1622 596 1714 explicatione,
622 1619 716 1692 nihil
730 1623 966 1714 rescripturus
982 1646 1087 1708 eram,
1134 1625 1180 1692 de
1199 1621 1429 1714 poenitentia.
1489 1622 1607 1696 Credo
1631 1646 1703 1694 esse
1726 1624 1882 1716 aliquos,
1916 1625 1980 1718 qui
2003 1647 2067 1694 nec
2089 1625 2133 1692 de

90 1726 157 1796 nisi
191 1726 230 1795 id
260 1725 435 1816 petiisses,
475 1749 520 1794 ne
548 1727 690 1796 viderer
721 1715 783 1796 aut
811 1726 995 1795 iracundia
1025 1737 1088 1794 aut
1136 1725 1370 1818 poenitentia,
1403 1751 1469 1796 nec
1492 1728 1536 1795 de
1553 1727 1621 1796 lide
1635 1727 1719 1796 satis
1742 1727 1932 1816 diligenter
1948 1740 1981 1797 et
1995 1726 2133 1796 erudite

90 1851 210 1898 amore
229 1851 390 1898 mearum
413 1827 623 1917 opinionum
652 1828 769 1900 rixari.
828 1826 897 1898 Sed
918 1826 1087 1921 quoniam
1134 1830 1274 1900 docent.
1332 1825 1423 1898 Nam
1447 1830 1551 1920 pauci
1568 1829 1768 1899 doctrinam
1785 1829 1828 1897 de
1844 1829 1912 1898 fide
1929 1843 1964 1899 et
1976 1851 2059 1898 vera
2075 1829 2134 1896 in-

90 1954 189 1999 ame
210 1929 303 2022 petis
328 1933 612 2022 responsionem,
646 1932 802 2022 primum
827 1930 871 1999 de
886 1925 1004 2024 meo⁹)
1022 1952 1087 1998 ne·
1136 1931 1322 2000 vocatione
1348 1929 1574 2021 intelligunt,
1613 1955 1704 2024 quae
1735 1931 1849 2001 multo
1875 1944 1928 2000 est
1947 1929 2134 2001 obscurior

89 2032 189 2122 goeio
214 2032 343 2104 dicam.
400 2027 479 2102 Etsi
499 2032 619 2102 iudico
641 2057 723 2101 vera
746 2055 819 2100 esse
836 2056 926 2124 quae
944 2030 1086 2122 scripsi:
1136 2056 1243 2126 quarn
1265 2033 1428 2102 doctrina
1450 2036 1494 2103 de
1511 2033 1658 2106 ieiunio.
1717 2031 1787 2104 Sed
1808 2033 1876 2103 scis
1892 2047 2011 2104 tamen
2028 2055 2132 2124 prae-

90 2147 208 2204 tamen
225 2147 341 2204 tecum
357 2133 494 2223 litigare
507 2136 756 2226 nuncquidem
766 2158 840 2204 non
856 2135 951 2207 volo.
992 2132 1086 2203 Nolo
1135 2134 1259 2227 cipuos
1281 2148 1316 2205 et
1332 2134 1504 2227 plurimos
1522 2134 1715 2227 inscriptis
1738 2146 1771 2204 et
1785 2135 2016 2206 concionibus
2033 2158 2132 2204 com-

90 2237 185 2306 enim
202 2259 331 2326 augere
344 2235 505 2328 publicas
520 2237 727 2306 discordias:
763 2250 797 2308 et
812 2236 881 2329 piis
894 2236 1087 2307 lectoribus
1135 2238 1243 2330 plecti
1266 2237 1439 2327 integram
1463 2239 1680 2308 doctrinam:
1729 2260 1794 2306 nec
1817 2238 1951 2306 deiide
1981 2251 2133 2321 tantum,

90 2339 256 2430 permitto
280 2337 471 2422 iudicium,
503 2339 707 2432 ubicunque
724 2349 818 2412 sunt.
870 2336 1087 2431 Quanquam
1136 2339 1328 2410 sedetiam
1360 2343 1405 2410 de
1438 2341 1604 2410 omnibus
1630 2339 1834 2409 necessariis
1858 2339 2051 2409 virtutibus
2076 2337 2133 2408 di·

91 2441 185 2510 enim
219 2441 307 2512 citas
335 2437 566 2510 Ambrosium
585 2454 632 2512 et
663 2439 922 2532 Augustinum:
967 2453 1087 2509 tamen
1136 2465 1228 2510 cere:
1255 2463 1345 2533 quos
1360 2442 1391 2510 si
1406 2455 1444 2513 tu
1455 2465 1578 2512 omnes
1594 2444 1750 2528 damnas,
1775 2454 1810 2510 et
1824 2465 1927 2511 vocas
1937 2442 2132 2511 deteriores

90 2556 225 2614 certum
247 2557 317 2628 est,
355 2543 655 2634 praedicationem
687 2541 925 2634 poenitentiae
950 2541 989 2610 in
1016 2537 1088 2610 Ec·
1136 2542 1315 2612 idolorum
1339 2544 1555 2624 cultoribus,
1590 2543 1673 2636 quia
1692 2567 1767 2611 non
1789 2544 1914 2614 dicunt
1935 2545 1979 2613 de
1996 2540 2132 2614 ieiunio

91 2645 195 2716 clesia
208 2641 279 2714 Dei
301 2669 376 2714 non
392 2659 531 2716 tanturn
553 2668 700 2735 arguere
714 2658 875 2736 peccata,
900 2645 961 2712 sed
980 2641 1087 2712 simul
1136 2643 1404 2730 caeremoniali,
1437 2645 1544 2712 nimis
1562 2645 1701 2714 duriter
1715 2645 1947 2736 pronuncias:
1982 2658 2022 2716 ut
2038 2641 2132 2715 nihil

91 2747 312 2818 annunciare
357 2747 601 2816 remissionem
647 2759 882 2838 peccatorum.
950 2743 1088 2813 Verum
1135 2746 1234 2814 alind
1258 2744 1383 2818 dicam.
1435 2745 1531 2816 lllud
1544 2746 1584 2815 in
1607 2747 1814 2839 quaestione
1832 2760 1900 2833 est,
1925 2771 1972 2817 an
1996 2772 2060 2839 per
2074 2747 2133 2818 bi-

91 2850 175 2918 nolo
221 2849 399 2942 copiosius
438 2849 605 2941 persequi
642 2872 758 2918 meant
799 2847 1087 2940 disputationem.
1136 2850 1248 2918 duum
1272 2859 1335 2917 aut
1361 2847 1542 2933 triduum,
1574 2861 1616 2918 ut
1640 2848 1746 2932 dicis,
1777 2871 1918 2918 necesse
1942 2850 1987 2918 sit
2008 2873 2028 2918 a
2052 2849 2131 2920 cibo

91 2949 172 3022 Non
194 2973 276 3022 sum
300 2953 387 3022 adeo
410 2973 572 3021 morosus
593 2965 656 3021 aut
673 2945 871 3047 φιλαυτὸς,
903 2949 1086 3018 neminem
1136 2950 1324 3023 abstinere.
1375 2948 1429 3020 Ne
1459 2964 1493 3020 te
1524 2951 1667 3043 quidem
1700 2943 1768 3019 hoc
1799 2963 1886 3042 puto
1909 2952 2034 3021 facere.
2082 2947 2133 3022 Ut

90 3067 177 3126 nta
215 3077 274 3124 me
296 3054 483 3126 dissentire
505 3051 623 3125 velim.
681 3049 760 3143 Ego
784 3077 873 3145 qnae
896 3052 1021 3141 collegi
1042 3051 1087 3119 de
1136 3053 1295 3123 secedere
1318 3075 1358 3122 ex
1383 3053 1488 3123 turba
1510 3053 1679 3144 precandi
1701 3075 1803 3122 causa
1829 3052 2010 3123 interdum
2034 3075 2133 3122 com-

91 3151 212 3250 tota¹⁰)
235 3157 416 3242 doctrina,
439 3171 524 3227 tunc
540 3179 619 3226 cum
635 3177 783 3244 magnae
805 3168 841 3224 et
854 3155 985 3223 multae
1002 3177 1088 3222 con·
1134 3156 1282 3226 modurn
1301 3167 1366 3224 est:
1401 3155 1450 3224 sic
1476 3155 1596 3225 iudico
1613 3154 1675 3224 illa
1690 3154 1843 3239 ieiunia,
1874 3156 1932 3225 vel
1953 3156 2051 3224 illam
2075 3155 2133 3223 in-

91 3258 283 3330 troversiae
304 3272 421 3328 motae
446 3271 577 3342 essent,
610 3269 645 3325 et
669 3257 780 3329 multa
799 3258 962 3344 ambigue
980 3269 1014 3325 et
1029 3255 1088 3323 ni-
1136 3258 1250 3328 ediam
1261 3257 1488 3327 alicuiusdiei
1498 3257 1627 3350 suscipi
1641 3280 1755 3349 posse,
1781 3270 1822 3327 ut
1836 3259 1879 3326 ad
1893 3257 2132 3349 precationem

91 3361 158 3430 mis
190 3361 337 3430 contuse
370 3361 590 3444 dicerentur,
631 3360 783 3451 simplici
815 3372 849 3430 et
878 3360 939 3450 pio
969 3357 1087 3428 studio
1135 3361 1193 3429 vel
1211 3359 1462 3449 cogitationem
1478 3361 1588 3450 magis
1605 3359 1869 3446 idoneisimus;
1902 3361 1963 3430 sed
1979 3383 2054 3430 non
2067 3382 2133 3428 ne·

92 3463 237 3552 collegi,
262 3485 302 3531 ac
318 3461 491 3532 iudicium
509 3457 684 3530 Ecclesiae
702 3462 878 3553 permitto.
930 3457 984 3529 Te
1002 3482 1087 3529 vero
1136 3462 1320 3532 cessariam
1340 3485 1415 3531 rem
1438 3486 1523 3536 esse.
1583 3458 1769 3532 Caeterum
1787 3461 2133 3553 temperantiaomni

92 3565 196 3636 etiam
211 3560 383 3634 hactenus
398 3565 525 3649 dilexi,
550 3577 584 3633 et
598 3559 715 3634 adhuc
731 3565 854 3654 diligo.
905 3561 998 3632 Nam
1010 3585 1089 3631 om-
1135 3577 1295 3656 ternpore
1316 3565 1510 3634 necessaria
1533 3577 1595 3639 est.
1653 3559 1730 3634 Aut
1747 3564 1855 3653 igitur
1870 3563 2059 3656 explicato,
2086 3587 2132 3632 an

92 3689 152 3738 nes
183 3666 225 3735 in
249 3661 319 3737 hoc
340 3666 491 3736 docendi
514 3689 662 3735 munere
692 3667 919 3750 coniunctos,
954 3663 1016 3758 qui
1044 3665 1088 3732 de
1136 3660 1389 3766 dicas¹⁷)illam
1400 3666 1568 3752 inediam,
1591 3661 1731 3751 horest,
1757 3665 2132 3737 inuniversumacibo

93 3792 228 3838 summa
245 3768 427 3838 doctrinae
443 3768 680 3851 consentiunt,
706 3769 837 3836 amicos
856 3768 948 3836 inter
965 3789 1000 3835 se
1016 3787 1089 3835 esse
1136 3785 1171 3840 et
1184 3769 1469 3861 potuabstinere,
1485 3781 1560 3838 rem
1574 3769 1805 3837 necessariam
1822 3792 1914 3838 esse:
1943 3783 2006 3840 aut
2021 3768 2133 3860 placi-

94 3885 257 3962 oportere
281 3883 416 3954 statuo,
458 3869 595 3938 etiamsi
617 3870 656 3937 in
679 3870 914 3962 explicatione
939 3868 1089 3938 alicuius
1137 3872 1266 3942 diustu
1281 3871 1467 3942 nobiscum
1485 3871 1589 3960 agito.
1622 3869 2130 3941 Poterasomninotntamrem

93 3975 141 4042 rei
166 3969 290 4068 non¹¹)
316 3973 421 4063 plane
440 3973 560 4041 eadem
584 3971 725 4042 dicunt:
759 3967 1087 4064 nam¹²)aliusalio
1137 3997 1238 4064 agere
1255 3973 1375 4042 verbis
1390 3973 1604 4042 mitioribus.
1661 3970 1760 4041 Citas
1782 3995 1822 4040 ex
1837 3967 2037 4062 Augustino
2053 3971 2132 4040 lau-

93 4077 269 4147 dexterius
291 4087 353 4144 aut
375 4073 635 4144 incommodius
646 4069 687 4164 ¹³)
716 4073 852 4166 aliquid
886 4072 982 4145 dicit.
1040 4067 1090 4140 Et
1138 4077 1199 4145 des
1213 4073 1350 4158 ieiunii,
1376 4068 2132 4167 inquibusvidescssehyperbolaspruden-

93 4179 184 4248 bona
206 4179 297 4262 lide,
331 4189 366 4244 et
381 4177 532 4268 quadam
550 4170 815 4268 philosophicae
834 4174 1090 4258 moderatione,
1137 4191 1191 4248 ter
1207 4177 1466 4266 intelligendas.
1505 4175 1706 4246 Nectamen
1717 4169 1938 4265 Augustinus
1956 4178 2000 4247 de
2017 4170 2131 4270 tua¹⁸)

95 4279 265 4350 amicitias
296 4279 492 4347 multorum
502 4272 543 4372 ¹⁴)
564 4277 679 4361 colui,
712 4293 747 4348 et
769 4279 868 4364 colo,
901 4301 946 4346 ne
978 4301 999 4348 a
1032 4299 1089 4344 me
1138 4281 1199 4350 illa
1214 4279 1333 4348 inedia
1348 4279 1525 4370 loquitur,
1559 4278 1618 4347 sed
1634 4291 1773 4350 tanturn
1790 4279 1834 4347 de
1851 4279 2094 4369 temperantia.

95 4377 331 4452 Ecclesiarum
349 4392 549 4450 nostrarum
568 4381 756 4450 concordia
775 4381 951 4450 turbetur.
1239 4380 1335 4451 Haec
1363 4381 1487 4472 scripsi
1513 4381 1609 4450 bono
1630 4393 1664 4450 et
1683 4379 1837 4470 simplici
1865 4383 2000 4452 studio:
2029 4394 2132 4472 teque

1138 4507 1220 4568 oro,
1259 4495 1299 4553 ut
1313 4483 1344 4552 si
1358 4477 1422 4552 has
1437 4480 1623 4568 Ecclesiae,
1645 4481 1831 4576 inquibus
1848 4497 1951 4554 sonat
1970 4482 2132 4553 doctrina

1138 4611 1244 4680 quam
1265 4585 1490 4677 profitemur,
1515 4607 1620 4668 amas,
1646 4597 1680 4654 te
1698 4584 1802 4654 nobis
1816 4586 1934 4674 potins
1949 4584 2132 4672 adiungas,

128 4677 153 4744 ⁵)
170 4675 260 4731 9991·
281 4675 349 4730 ⁰⁶⁸²
1137 4713 1244 4781 quarn
1276 4687 1447 4756 inimicis:
1489 4701 1523 4757 et
1551 4686 1704 4780 quadam
1741 4685 1853 4754 animi
1888 4685 2132 4757 moderatione

126 4760 155 4900 ξ)
173 4758 375 4900 ἓζᾪοῗῖ
377 4769 465 4898 ἀᾞκ
474 4757 659 4898 1πὶΐῦοὼ
670 4757 728 4814 ¹⁹¹⁴
738 4769 882 4813 amanter.
1137 4814 1361 4860 communem
1371 4786 1411 4884 ¹⁹)
1440 4787 1666 4858 concordiam
1697 4787 1840 4860 tuearis.
1905 4786 1998 4859 Satis
2037 4786 2131 4857 mul-

127 4851 159 4992 si
172 4883 481 4996 uariunt-ehennae,
502 4883 586 4984 Pele.
1137 4907 1191 4964 tos
1227 4887 1345 4962 hostes
1378 4887 1550 4962 habemus
1579 4887 1682 4960 loris:
1723 4913 1788 4958 nec
1826 4913 1935 4981 parva
1979 4913 2035 4961 res
2069 4901 2132 4976 est,

126 5020 156 5088 9)
173 5035 244 5139 meo·
253 5015 418 5138 inpetentem
428 5013 668 5084 monachata,
683 5014 926 5072 sedPeoeaetood.
935 5015 1018 5070 Goth.
1029 5014 1087 5071 191.
1137 4994 1344 5064 confirmare
1374 5007 1510 5064 mentes
1533 4993 1625 5062 veris
1642 4991 1827 5062 sententiis
1851 4993 2019 5064 adversus
2041 4993 2132 5062 illos.

164 5098 235 5143 omtt
249 5105 287 5140 uo
301 5121 310 5140 .

128 5178 170 5245 10)
188 5184 265 5240 toto,
279 5168 445 5242 quodl‘euc.
459 5168 567 5234 omisit,
593 5177 707 5224 tuentur
721 5167 801 5222 etiam
818 5168 916 5235 codd:
941 5168 1004 5226 cod.
1020 5168 1086 5222 Mo·

160 5263 221 5300 uae.
242 5258 320 5294 vera.
1169 5239 1214 5309 15)
1231 5238 1300 5294 cod.
1317 5239 1429 5294 Monac.
1441 5236 1597 5292 sumtum.

128 5331 171 5398 11)
185 5327 389 5398 plantandam
404 5331 457 5376 etc.
471 5319 541 5392 apud
555 5321 645 5378 Mani.
658 5321 821 5378 exciderant.
1171 5327 1216 5390 16)
1235 5323 1369 5378 Sicetiam
1378 5321 1533 5378 cod.Gotb.
1542 5320 1602 5374 191.
1620 5317 1673 5371 Sed
1684 5317 1769 5372 Peuc.
1781 5335 1838 5372 nott
1852 5319 2131 5376 dooensmtmmmes.

129 5415 170 5482 tt)
188 5431 268 5484 ‚mon
277 5405 467 5482 praecipuo?
478 5407 550 5464 deest
561 5408 626 5466 cod.
638 5408 751 5463 Monac.
1174 5407 1219 5472 17)
1238 5407 1318 5459 dicus
1333 5405 1416 5459 Peuc.
1432 5416 1458 5458 et
1472 5403 1534 5460 eod.
1543 5399 1625 5458 Goth.
1639 5401 1716 5472 191.,
1735 5405 1822 5456 ducas
1836 5401 1934 5465 Mani..
1950 5405 2055 5455 doceas
2070 5401 2131 5458 cod.

128 5501 173 5570 ts)
190 5501 238 5554 Sic
250 5497 334 5552 etism
346 5492 580 5560 cuduntur&
594 5493 699 5566 Peuc.,
713 5492 838 5549 Perstet
851 5495 913 5550 cod.
927 5493 1012 5552 Goth.
1027 5496 1086 5552 191.
1207 5475 1292 5530 9019·
1305 5475 1366 5526 ²¹²·

159 5567 347 5624 mmmmm·
1173 5559 1219 5628 18)
1238 5565 1303 5624 tuo]
1317 5556 1380 5613 cod.
1393 5555 1472 5610 Mon.
1485 5573 1552 5610 una.

129 5649 173 5722 tt)
187 5653 346 5707 mumrum
359 5645 433 5702 abest
445 5663 461 5702 s
472 5645 591 5703 Perdet
605 5643 685 5712 Fen,
703 5646 751 5702 sed
764 5645 879 5703 babetur
890 5647 919 5702 in
934 5646 1017 5704 codd.
1172 5644 1219 5714 19)
1237 5659 1432 5712 mmmmm,
1448 5639 1522 5713 quod
1536 5639 1622 5697 Pene-
1636 5636 1746 5710 omisit,
1762 5635 1970 5694 :neutonam
1983 5637 2066 5696 codd.
