4744 6254
248 337 324 414 527

252 503 471 582 crudelitatis
480 496 574 570 fieri!
601 493 765 568 Primum
782 490 877 561 e'nim
894 487 1123 562 causamvide
1134 501 1168 558 et
1182 484 1246 581 qui

836 251 1275 396 rarsroaanon
1324 308 1434 392 mr.
1464 311 1511 392 a
1565 286 1699 390 rari.

2220 317 2288 390 528

1299 481 1464 578 postulas.
1524 481 1632 574 Quod
1654 508 1734 557 com
1756 486 1805 557 ita
1827 484 1891 568 sit,
1921 488 2146 558 obsecramus
2168 499 2224 573 te,
2253 504 2287 560 ut

252 609 439 704 praecipue
462 614 627 696 petantur
647 592 717 667 hoc
741 594 847 666 bello.
898 591 1021 684 Neque
1056 590 1151 658 enim
1176 584 1246 658 hoc
1298 587 1436 666 videas,
1471 610 1561 679 quae
1582 589 1628 658 sit
1649 613 1738 690 vera¹
1754 588 1917 658 ecclesiae
1942 589 2143 662 auctoritas.
2203 588 2287 660 Nam

252 711 440 805 praecipue
460 705 593 796 agitur,
625 715 665 770 ut
685 693 723 780 hi
744 694 922 786 principes
946 693 1149 772 deleantur,
1184 687 1247 783 qui
1298 683 1365 758 hae
1379 688 1661 775 constitutiones,
1685 701 1772 782 quas
1787 713 1883 759 nnnc
1899 689 2062 779 allegant,
2085 713 2161 759 uon
2178 691 2286 760 solum

255 827 290 884 et
307 809 516 900 cognatione
538 818 582 886 et,
594 800 674 872 aliis
688 796 841 866 vinculis
857 795 1061 866 arctissimis
1079 808 1194 864 tecum
1213 803 1248 860 et

255 939 336 986 coru
357 911 437 980 aliis
451 905 673 1000 principibus
695 896 877 969 coniuncti
894 908 996 980 sunt,
1031 897 1092 964 sed
1112 893 1246 962 bellum

254 1015 360 1086 nobis
374 1009 519 1104 proprie
544 1005 712 1086 infertur,
742 993 811 1068 hoc
827 1009 896 1080 est,
927 995 1064 1064 miseris
1085 994 1249 1063 sacerdo-

255 1119 373 1198 tibus,
409 1110 475 1204 qui
496 1120 582 1177 sunt
602 1104 776 1188 inermes,
814 1111 848 1168 et
870 1097 1007 1168 miseris
1030 1094 1248 1166 mulierculis

255 1215 388 1289 borum
404 1208 575 1293 risoribus
591 1218 625 1274 et
639 1201 768 1274 nostris
790 1199 923 1272 liberis.
973 1195 1055 1268 Non
1073 1196 1167 1266 enim
1184 1195 1248 1266 ob-

258 1339 403 1390 scurum
420 1324 489 1397 est,
509 1307 687 1400 principes
702 1304 742 1371 in
757 1323 892 1371 summa
909 1299 1019 1389 gratia
1035 1299 1130 1389 apud
1146 1310 1178 1366 tc
1192 1297 1250 1364 fu-

258 1439 359 1492 turos
379 1437 469 1498 csse,
498 1411 529 1479 si
550 1431 616 1496 nos
630 1407 805 1480 cedamus.
856 1400 929 1470 Nec
948 1399 1096 1469 veniunt
1119 1401 1159 1467 in
1177 1397 1250 1466 dis-

259 1517 410 1592 crimina
432 1525 574 1605 propter
595 1509 706 1578 ullam
726 1525 865 1575 causam
887 1500 993 1568 aliam
1015 1501 1085 1570 nisi
1107 1511 1250 1590 propter

260 1617 439 1716 quoddam
455 1615 553 1705 pium
572 1622 606 1678 et
621 1604 817 1677 bumannm
834 1603 1002 1684 officinm,
1022 1603 1117 1695 quod
1135 1623 1250 1690 neque

259 1718 501 1794 crudelitatem
517 1712 627 1783 ullam
641 1709 680 1776 in
693 1730 758 1777 nos
767 1703 919 1774 exerceri
931 1702 1011 1793 ipsi,
1034 1725 1148 1795 neque
1165 1699 1252 1770 alie-

259 1846 326 1894 nae
351 1817 515 1890 saevitiae
540 1811 743 1881 mactandas
774 1829 841 1877 nos
873 1805 1025 1874 obiicere
1051 1804 1249 1872 voluerunt.

260 1923 362 2014 Quae
383 1931 435 1989 est
455 1917 563 2006 igitur
578 1913 643 1980 ista
661 1908 862 1990 iracundia,
894 1929 990 1973 arma
1007 1907 1172 1972 adversus
1187 1923 1252 1970 nos

260 2025 416 2100 sumere,
443 2043 461 2088 a
481 2015 609 2110 quibus
626 2011 776 2103 quilibet
787 2007 869 2076 irati
885 2007 1034 2074 victores
1047 2005 1181 2096 alioqui
1196 2027 1253 2070 ca-

259 2127 330 2220 ptis
345 2119 545 2193 civitatibus
556 2115 626 2183 iam
642 2108 843 2180 abstinent?
868 2103 1039 2198 Autquac
1053 2119 1166 2196 potest
1181 2127 1253 2172 esse

260 2233 340 2310 laus
354 2219 491 2310 magnis
515 2230 549 2284 et
562 2213 715 2285 fortibus
735 2211 840 2298 digna
858 2208 961 2290 viris,
974 2208 1082 2274 'ferro
1100 2207 1252 2273 inermes

262 2325 478 2404 sacerdotes,
500 2315 694 2386 imbecillas
708 2308 932 2380 mulierculas
949 2330 987 2375 ac
1000 2329 1126 2396 pueros
1143 2305 1252 2375 truci-

263 2425 389 2500 dasse?
413 2421 552 2492 Deinde
568 2416 665 2494 vide,
699 2432 827 2505 quaeso
846 2407 1059 2501 Imperator,
1090 2432 1154 2498 pro
1174 2406 1253 2498 qui-

262 2533 330 2600 bus
342 2549 437 2596 arma
452 2524 563 2604 feras,
584 2537 735 2609 quarum
750 2534 869 2580 rerum
887 2509 1046 2578 defensio
1063 2522 1184 2578 nostro
1196 2508 1254 2574 in-

263 2630 390 2706 teritu,
417 2636 536 2692 nostra
552 2619 658 2702 caede
669 2609 875 2708 quaeratur!
904 2607 1111 2698 Flagitiosas
1130 2609 1254 2678 libidi-

263 2755 326 2806 ncs
341 2749 421 2798 suas
435 2747 510 2792 non
524 2716 667 2789 defendi
681 2715 815 2798 solum,
848 2712 909 2781 sed
926 2711 1030 2780 etiam
1054 2710 1251 2778 confirmari

264 2847 298 2904 et
311 2828 431 2918 augeri
446 2838 506 2894 tua
515 2818 721 2891 anctoritate
730 2813 859 2904 impuri
875 2813 1056 2902 pontifices
1066 2812 1254 2901 postulant.

263 2933 464 3020 Utrumque
484 2937 601 2994 autem
623 2933 657 2988 et
677 2932 737 2988 tua
757 2915 943 2998 felicitate,
975 2926 1011 2981 et
1025 2912 1206 2982 sanctitate
1222 2925 1255 2980 et

262 3031 433 3128 pudicitia
449 3041 508 3096 tua
522 3023 712 3110 indiguum
727 3030 795 3102 est,
825 3015 1001 3084 trucidare
1019 3013 1189 3102 inermes,
1222 3025 1257 3080 et

264 3132 471 3208 crudelitate
491 3125 643 3196 aliorum
667 3118 835 3188 libidines
857 3114 1043 3184 defendere
1067 3129 1102 3184 et
1125 3113 1254 3183 confir-

262 3260 371 3306 mare.
421 3229 543 3322 Neque
570 3224 665 3294 enim
680 3219 768 3290 belli
784 3240 887 3286 causa
909 3215 981 3285 ulla
999 3216 1067 3284 alia
1087 3216 1160 3283 dici
1175 3228 1256 3306 pot-

168 3375 172 3384 ·
265 3353 327 3416 est,
349 3357 455 3427 quam
472 3328 569 3421 quod
583 3319 625 3393 hi
638 3320 754 3390 miseri
765 3319 967 3386 maluerunt
982 3341 1053 3384 esse
1069 3317 1151 3384 casti
1169 3339 1255 3384 con-

264 3442 384 3527 iuges,
422 3454 527 3522 quam
553 3423 678 3493 incasti
704 3419 866 3489 coelibes.
914 3417 1020 3486 Nulla
1043 3441 1126 3486 vero
1151 3430 1257 3500 aetas,

265 3537 366 3608 nulla
384 3527 582 3622 respublica
603 3524 671 3594 fuit
691 3541 850 3614 unquam
868 3530 939 3587 tam
962 3518 1107 3586 inimica
1131 3517 1258 3590 coniu-

266 3641 344 3734 gio,
369 3648 410 3706 ut
426 3632 561 3702 bellum
577 3623 685 3696 simili
699 3625 743 3692 dc
757 3645 858 3692 causa
873 3619 1043 3703 moverit,
1074 3632 1136 3688 aut
1150 3619 1257 3688 armis

267 3738 374 3812 autri
390 3731 593 3821 conitrgium
608 3719 873 3820 prohibendum
890 3743 962 3789 esse
978 3720 1128 3792 duxerit.
1152 3717 1257 3789 Nunc

267 3845 306 3914 in
324 3837 502 3912 ecclesiam
519 3828 709 3919 suscipitur
723 3848 815 3894 nova
834 3817 922 3890 haec
936 3834 971 3891 et
992 3821 1159 3893 inusitata
1177 3846 1258 3890 crn-

267 3943 410 4023 delitas,
443 3959 523 4005 cum
543 3931 583 3999 in
605 3927 748 3998 ccclesia
772 3925 903 3993 debent
919 3923 1070 3990 maxime
1091 3923 1257 3991 excellere

267 4042 409 4115 dilectio
433 4052 466 4106 et
489 4025 749 4104 misericordia!
786 4023 984 4116 etquidem
1009 4023 1198 4112 suscipitur
1214 4025 1259 4093 ad

268 4141 507 4220 defendendas
527 4131 715 4220 flagitiosas
732 4124 919 4208 libidines,
952 4148 1032 4192 cum
1056 4125 1094 4190 in
1116 4125 1259 4194 ecclesia

269 4243 472 4330 coniugium
487 4248 668 4324 tantopere
683 4228 905 4326 praedicetur
918 4239 951 4295 et
958 4225 1038 4314 vagi
1053 4225 1259 4294 concubitus

267 4333 536 4442 prohibeantur.
1022 4391 1025 4398 ,
1195 4423 1205 4442 ·

371 4443 441 4514 Sed
457 4459 595 4508 causam
613 4433 782 4518 allegant,
816 4451 895 4496 cnm
916 4427 981 4494 tibi
999 4439 1157 4494 auctores
1177 4438 1258 4506 smt,

270 4571 364 4621 arma
381 4545 548 4612 adversus
562 4555 628 4604 nos
643 4529 821 4611 sumendi,
848 4529 944 4618 quod
955 4527 1113 4617 ipsorum
1129 4527 1260 4595 consti-

269 4645 468 4722 tutionibus
490 4664 564 4708 non
586 4651 787 4728 parcamus,
821 4651 910 4719 qnae
933 4629 1135 4718 coniugium
1157 4629 1260 4696 nobis

271 4747 498 4822 interdicunt.
548 4735 627 4810 Etsi
642 4729 727 4801 baec
743 4751 817 4798 non
835 4743 886 4797 est
903 4752 1021 4809 causa,
1047 4753 1189 4798 curuos
1204 4729 1260 4796 in-

270 4851 380 4924 terfici
405 4844 571 4932 cupiunt,
607 4834 667 4904 sed
683 4832 811 4901 scelere
830 4843 934 4922 atque
957 4831 1039 4900 odio
1063 4843 1261 4915 moventur,

271 4955 355 5050 quia
372 4971 450 5018 suas
460 4941 625 5010 libidines
638 4927 851 5024 reprehendi
865 4931 1004 5016 nolunt,
1024 4944 1141 5000 tamen
1150 4957 1261 5024 pauca

273 5057 427 5126 dicemus
445 5045 487 5112 dc
505 5041 577 5108 illis
595 5035 915 5107 constitutionibus·

372 5147 527 5224 Scimus,
551 5155 602 5224 te,
626 5135 843 5206 sanctissime
863 5132 1078 5222 Imperator,
1103 5147 1260 5202 nontam

272 5247 540 5326 constitutiones
555 5243 711 5331 ipsorum
728 5261 832 5328 quam
843 5233 1083 5302 auctoritatem
1099 5235 1261 5302 ecclcsiae

271 5355 458 5427 defendere
474 5367 610 5434 cupere.
659 5337 779 5420 llanc,
805 5351 845 5405 ut
860 5339 976 5414 (lecet,
1003 5347 1036 5399 et
1051 5335 1190 5401 maximi
1209 5337 1261 5402 fa-

271 5460 320 5536 cis
342 5457 435 5546 ipse,
470 5461 504 5515 et
525 5455 724 5514 reverenter
747 5440 791 5506 ab
817 5435 981 5504 omnibus
1006 5435 1179 5524 gentibus
1193 5437 1260 5504 coli

1299 812 1413 859 novae
1433 804 1517 861 sunt
1541 804 1574 860 et
1595 791 1736 878 ignotae
1758 790 1870 862 veteri
1891 791 2070 874 ecclesiae,
2104 792 2167 860 sed
2188 793 2287 862 etiam

1300 891 1485 960 damnatae
1502 890 1704 961 clarissimis
1720 891 1904 961 sententiis
1915 904 1992 961 tum
2007 891 2203 983 scripturae
2219 907 2288 962 tum

1300 989 1426 1060 veteris
1439 993 1613 1063 ecclesiae.
1663 991 1855 1086 Postquam
1861 990 2049 1061 Pontifices
2061 993 2197 1062 abiecta
2211 1017 2289 1064 cura

1300 1091 2288 1186 religionistantumconcupisceredominationem,post-

1301 1217 1406 1287 quam
1429 1195 1650 1285 belligerari,
1691 1218 1772 1265 cum
1796 1195 1937 1285 regibus
1959 1207 1995 1265 et
2018 1193 2288 1286 imperatoribus

1302 1307 1512 1385 coeperunt,
1545 1294 1597 1364 ibi
1618 1291 1705 1365 haec
1722 1297 1782 1364 lex
1803 1308 1886 1366 nata
1907 1308 1978 1376 est,
2015 1319 2105 1388 quae
2125 1291 2288 1386 prohibet

1302 1395 1485 1485 coniugia,
1526 1396 1609 1490 quia
1630 1396 1817 1468 videbatur
1840 1409 1921 1488 apta
1940 1395 2192 1466 dominationi.
2246 1395 2289 1467 Et

1303 1496 1385 1590 quia
1400 1495 1603 1587 pontifices,
1636 1497 1797 1590 occupati
1816 1496 1895 1566 aliis
1916 1497 2040 1578 rebus,
2073 1520 2209 1568 munus
2230 1499 2288 1566 do-

1304 1599 1494 1668 cendarum
1510 1597 1732 1668 ecclesiarum
1748 1598 1997 1690 permittebant
2011 1593 2202 1668 monachis
2216 1624 2290 1668 cum

1304 1697 1365 1768 alii
1388 1721 1524 1768 errores
1548 1700 1715 1770 multitu
1737 1699 1916 1770 ecclesiam
1938 1699 2180 1789 irrepserunt,
2221 1715 2290 1770 tum

1305 1799 1409 1868 ctiam
1431 1795 1519 1886 haec
1539 1801 1614 1890 ipsa
1635 1799 1814 1892 persuasio
1841 1803 1884 1869 de
1903 1800 2015 1884 rotis,
2047 1824 2138 1892 quae
2163 1812 2200 1869 et
2223 1802 2290 1892 ipsa

1305 1899 1438 1990 proluit
1472 1897 1655 1970 monacbis
1688 1903 1730 1970 ad
1755 1901 1998 1971 auctoritatem
2032 1900 2292 1971 stabiliendam.

1306 1999 1424 2088 Quare
1447 2025 1544 2070 nunc
1566 2003 1734 2071 iniuriam
1760 2002 1895 2072 faciunt
1921 2001 2085 2070 ecclesiae
2101 2003 2291 2093 pontifices,

1305 2125 1384 2172 cum
1401 2097 1463 2170 lias
1478 2102 1569 2190 leges
1585 2105 1628 2172 de
1643 2103 1818 2173 coelibatu
1832 2104 1912 2171 ideo
1927 2104 2145 2194 propugnari
2162 2105 2291 2188 iubent,

1305 2215 1345 2271 ut
1358 2203 1522 2272 ecclesiae
1537 2204 1746 2273 defendatur
1762 2204 1961 2273 auctoritas.
2013 2201 2103 2272 Nam
2123 2199 2191 2272 bas
2206 2205 2291 2296 leges

1306 2305 1449 2397 tyranni
1464 2318 1497 2373 et
1511 2299 1630 2374 hostes
1646 2305 1807 2374 ecclesiae
1822 2305 2070 2376 condiderunt.
2094 2303 2190 2374 aton
2204 2309 2291 2375 enim
2354 2293 2355 2370 i

1307 2405 1448 2475 ecclesia
1472 2429 1528 2474 eas
1549 2406 1642 2494 leges
1671 2405 1740 2474 sibi
1758 2405 1869 2476 tribui
1890 2405 1986 2486 vult,
2028 2429 2117 2497 quae
2137 2421 2292 2498 pugnant

1307 2529 1387 2577 cum
1409 2507 1540 2576 divinis
1562 2507 1754 2598 praeceptis
1776 2519 1812 2578 et
1832 2531 1912 2576 cum
1931 2506 2116 2580 universae
2134 2511 2310 2586 ecclesiae,

1306 2607 1466 2680 decretis.
1515 2605 1691 2700 Praecipit
1708 2608 1802 2677 enim
1817 2608 2009 2699 scriptura,
2031 2621 2071 2678 ut
2083 2608 2165 2678 Deo
2181 2612 2293 2700 potius

1307 2733 1411 2807 quam
1434 2702 1638 2779 hominibus
1660 2710 1951 2800 obtemperemus.
2002 2706 2115 2778 Porro
2135 2705 2292 2780 Christus

1308 2811 1435 2879 diserte
1449 2811 1567 2890 docet,
1598 2811 1775 2880 neminem
1791 2811 1865 2878 sine
1880 2809 2049 2900 peculiari
2066 2811 2164 2879 dono
2189 2813 2294 2882 coele-

1308 2911 1354 2982 sti
1374 2910 1412 2977 in
1438 2909 1613 2996 coelibatu
1634 2935 1722 3002 pure
1737 2911 1856 2980 vivere
1878 2933 1997 3002 posse,
2029 2923 2064 2979 ct
2088 2910 2210 2996 iubet,
2242 2935 2293 2980 eos

1307 3012 1361 3081 nti
1377 3010 1559 3099 coniugio,
1591 3013 1653 3102 qui
1675 3014 1720 3080 ad
1743 3013 1954 3082 coelibatum
1971 3034 2044 3079 non
2068 3025 2153 3081 sunt
2168 3014 2294 3085 idonei.

1310 3111 1407 3200 Quid
1425 3111 1535 3200 igitur
1549 3112 1679 3182 faciant
1693 3108 1751 3192 hi.
1776 3114 1906 3207 quibus
1921 3112 1959 3182 id
1975 3114 2108 3180 donam
2125 3137 2203 3182 non
2216 3139 2293 3184 con·
2354 3157 2355 3162 κ

1308 3213 1432 3302 tingit,
1464 3214 1527 3304 qui
1542 3237 1660 3283 errore
1683 3227 1743 3282 aut
1760 3215 1863 3284 etiam
1879 3214 2029 3304 pervim
2051 3213 2089 3281 in
2106 3207 2196 3285 haec
2210 3217 2309 3290 ritae,

1308 3336 1435 3402 genera
1460 3313 1594 3383 detrusi
1617 3327 1717 3400 sunt,
1756 3339 1845 3408 quae
1870 3313 2082 3384 coelibatum
2116 3315 2294 3405 flagitant?

1309 3413 1438 3484 Utrum
1453 3415 1562 3484 satius
1576 3427 1644 3501 est,
1668 3413 1734 3486 bos
1751 3430 1843 3486 caste
1858 3415 1897 3483 in
1916 3416 2079 3504 coningio
2095 3415 2235 3502 vivere,
2254 3441 2293 3486 an

1310 3529 1344 3586 et
1357 3539 1430 3584 sese
1446 3527 1480 3583 et
1501 3516 1700 3586 universam
1724 3517 1901 3587 ecclesiam
1920 3517 2064 3586 nefariis
2085 3517 2293 3588 libidinibns

1309 3617 1493 3707 polluere?
1528 3616 1610 3685 Non
1632 3633 1685 3688 est
1706 3618 1780 3704 lex,
1813 3619 1874 3686 sed
1899 3618 1974 3708 ipsa
1996 3619 2179 3711 tyrannis,
2212 3643 2293 3712 quae

1310 3730 1362 3788 tot
1381 3719 1509 3787 scelera
1533 3719 1640 3788 simul
1660 3720 1771 3811 parit,
1804 3719 1974 3810 opprimit
1993 3719 2154 3788 divinam
2177 3721 2294 3808 legem.

1311 3820 1559 3888 conscientiam
1582 3821 1798 3892 contaminat
1829 3820 2042 3908 gravissimis
2063 3823 2234 3910 peccatis,
2265 3835 2294 3890 et

1311 3921 1355 3989 ad
1371 3923 1670 4012 desperationem,
1703 3917 1770 3990 hoc
1789 3936 1856 4006 est,
1888 3923 1934 3988 ad
1951 3935 2155 4012 perpetuam
2174 3923 2294 4014 impie-

1312 4035 1418 4092 tatem
1434 4023 1525 4091 etad
1549 4024 1693 4092 exitium
1715 4024 1841 4111 adigit,
1876 4036 2053 4112 postremo
2069 4023 2251 4092 ccclesiain
2265 4037 2294 4091 et

1312 4136 1422 4191 totam
1444 4148 1562 4194 rernm
1586 4139 1749 4193 naturam
1773 4123 1911 4214 polluit.
1962 4121 2074 4193 Punit
2092 4125 2191 4192 enim
2207 4123 2294 4194 Dens

1314 4224 1481 4292 libidines
1494 4231 1568 4294 bon
1584 4225 1698 4294 solum
1720 4226 1758 4292 in
1772 4225 1857 4315 ipsis
1877 4225 2079 4294 auctoribus
2095 4227 2157 4294 sed
2174 4226 2213 4294 in
2229 4239 2293 4296 toto

1313 4348 1438 4414 genere
1461 4321 1637 4411 hnmano,
1662 4326 1698 4393 id
1718 4329 1811 4418 qnod
1832 4321 1979 4394 historia
1994 4326 2121 4394 diluvii
2138 4340 2174 4394 et
2188 4327 2295 4398 Sodo·

1313 4451 1452 4496 morum
1475 4439 1510 4494 et
1526 4428 1776 4519 pleraque'alia
1792 4427 1949 4517 exempla
1972 4440 2156 4498 testantur.
2213 4428 2294 4498 Cum

1314 4527 1422 4616 igitur
1451 4523 1536 4596 haec
1569 4528 1624 4598 lex
1656 4527 1701 4596 sit
1722 4552 1803 4598 vere
1826 4529 1988 4596 ecclesiae
2015 4541 2096 4596 tuae
2127 4526 2294 4626 [corrnatis.

1313 4637 1416 4708 vides,
1470 4632 1591 4714 Cacsar,
1642 4636 1725 4720 quod
1753 4641 1796 4716 ii,
1852 4641 1905 4718 qui
1938 4657 1993 4716 pro
2026 4657 2059 4696 ea
2100 4642 2215 4699 tuenda
2251 4659 2295 4698 su·

1314 4723 1416 4826 munt]
1434 4721 1470 4825 ¹¹⁵)
1492 4754 1607 4814 arma,
1637 4755 1711 4800 non
1736 4731 1899 4800 ecclesiae
1921 4730 2165 4800 auctoritatem
2184 4735 2293 4802 defen-

1315 4835 1424 4914 dnnt,
1454 4834 1515 4899 sed
1542 4832 1746 4921 pontificum
1773 4833 1943 4902 iniustam·
1960 4833 2207 4923 tyrannidem,
2241 4831 2293 4926 qni

1315 4933 1470 5025 primum
1488 4956 1586 5000 suam
1610 4935 1906 5016 dominationem,
1937 4933 2064 5001 deinde
2084 4947 2118 5004 et
2135 4935 2294 5004 libidines

1315 5048 1436 5103 nostra
1471 5037 1574 5103 caede
1608 5037 1809 5104 confirmari
1832 5037 2022 5126 postulant.
2081 5033 2193 5106 Vides
2217 5033 2293 5104 belli

1315 5158 1470 5219 causam;
1495 5136 1638 5242 insuper
1653 5151 1688 5207 et
1702 5137 1831 5230 quibus
1847 5159 1944 5206 arma
1958 5133 2159 5221 minentur,
2179 5157 2294 5227 nempe
2355 5200 2356 5205 ,

1350 5399 1378 5467 Ψ)
1393 5397 1584 5479 Praeter-mian
1598 5412 1637 5478 est
1649 5401 1681 5454 ab
1696 5417 1738 5473 co,
1757 5401 1803 5471 qni
1817 5399 1966 5472 descripsit,
1981 5398 2089 5460 lineola,
2112 5417 2195 5470 quam
2209 5399 2246 5455 sic
2256 5403 2295 5450 ut·

1384 5487 1492 5540 cunque
1505 5479 1619 5525 restitut.
