4630 6252
829 353 1265 437 urrsrocenuu
1314 356 1421 440 ern
1453 358 1500 440 x.
1553 289 1682 437 roei.

235 363 310 438 wi
2190 359 2245 434 801

242 533 391 604 dicitur:
431 531 476 614 tte
501 531 570 606 οὐκ
594 529 721 608 ἀκούει
746 527 959 635 σάλπιγγος.
1026 533 1125 607 Bene
1150 537 1239 606 vale.
1291 530 1503 608 cherrimam
1527 533 1700 610 haberent
1716 541 1850 620 nostri,
1877 552 1913 611 et
1929 537 2090 608 omnium
2106 534 2247 606 bonorum

242 633 312 707 Die
326 636 462 706 decimo
479 637 581 708 tertio
599 635 806 726 Februarii,
828 638 935 710 Anno
956 632 1063 713 1517.
1290 641 1384 709 oculi
1403 642 1441 710 in
1454 653 1524 714 tota
1541 639 1698 741 Europa
1714 642 1828 711 ineos
1843 641 2086 725 intuerentur,
2110 653 2248 732 quantun

1063 1100 1235 1130 m

510 1201 695 1316 Georgia
724 1203 982 1292 Anhaltino.

319 1363 402 1432 rpite.
422 1363 468 1418 us.
481 1363 513 1418 u.
535 1383 561 1436 p.
574 1365 636 1424 roo.
655 1364 708 1432 (ea.
721 1365 868 1421 conatu.
885 1367 920 1420 u.
940 1385 982 1436 ep.
995 1367 1076 1434 nota.

396 1519 449 1598 D.
477 1493 677 1617 Georgia
701 1516 872 1620 Principi
891 1521 931 1591 in
951 1518 1095 1592 Ankale

187 1731 192 1750 .
250 1655 295 1748 S·
320 1671 364 1744 D.
416 1672 655 1744 illustrissime
678 1688 712 1744 et
732 1672 1041 1746 Reverendissirne
1063 1671 1246 1762 Princeps,

250 1775 386 1846 Literas
410 1777 454 1844 ad
476 1801 533 1846 me
556 1776 704 1868 scriptas
724 1777 769 1844 ab
787 1775 1030 1845 lllustrissimo
1046 1772 1145 1845 Duce
1160 1771 1246 1844 Me-

251 1873 496 1970 galburgensi
516 1879 691 1948 mitterem
707 1869 797 1950 Cels.
813 1876 857 1950 V.
882 1879 951 1947 nisi
975 1874 1052 1945 heri
1077 1901 1134 1946 eas
1152 1878 1245 1967 apud

253 1978 434 2050 illustriss.
456 1981 601 2074 fratrem
630 1977 670 2050 C.
692 1978 736 2052 V.
759 1981 990 2071 reliquissem.
1063 1977 1133 2050 Sed
1166 1991 1250 2048 511111

253 2082 407 2172 graviter
422 2082 591 2172 scriptae,
618 2095 652 2150 et
667 2081 856 2171 pollicetur
870 2079 968 2166 Dux,
994 2103 1030 2148 se
1046 2083 1091 2148 ad
1105 2077 1250 2150 Electo-

255 2206 328 2251 rem
353 2178 602 2252 Marchionem
625 2196 814 2252 venturum
840 2206 928 2267 esse,
963 2183 1248 2275 quamprimum

254 2283 299 2354 ab
323 2307 364 2352 eo
391 2285 519 2354 certior
543 2285 655 2354 iactus
676 2284 803 2368 fuerit,
828 2309 929 2377 posse
945 2284 1074 2376 suscipi
1092 2285 1247 2378 aliquam

254 2384 540 2476 pacificationem.
608 2385 683 2453 lam
716 2387 875 2456 existimo
908 2382 1033 2456 harum
1064 2386 1248 2458 literarum

255 2485 413 2578 exempla
429 2485 585 2557 Electori
600 2481 828 2557 Marchioni
849 2490 1019 2558 mittenda
1040 2511 1125 2562 esse.
1177 2486 1249 2558 Ar-

255 2589 371 2660 bitror
397 2588 493 2657 euim
513 2587 713 2660 Electorem
738 2586 973 2660 Saxonicum
997 2591 1176 2670 assentiri,
1208 2605 1248 2660 ut

255 2690 462 2760 instituatur
475 2691 679 2782 pacificatio,
706 2705 740 2762 et
755 2717 829 2763 uon
845 2717 1015 2778 recusare,
1041 2718 1111 2786 quo
1128 2692 1248 2762 minus

254 2792 315 2862 fiat
337 2792 483 2885 supplex
507 2789 635 2886 Imper.
687 2791 755 2864 Sed
782 2809 899 2864 tamen
923 2796 1008 2888 quid
1025 2788 1250 2864 Marchioni

253 2895 493 2985 responderit,
523 2919 596 2965 uon
621 2895 703 2965 scio.
753 2895 876 2988 Nuper
900 2921 980 2967 curn
1007 2889 1247 2989 Witebcrgac

254 3018 384 3083 essem,
407 2996 533 3089 scripsi
550 3000 594 3066 ad
610 2993 812 3069 Electorem
829 2999 926 3067 fideli
943 2999 1082 3085 animo,
1102 3001 1162 3070 sed
1179 3000 1247 3068 du-

252 3099 329 3168 rius
343 3123 448 3191 quam
465 3100 633 3168 volebant
649 3099 837 3183 nonnulli,
860 3100 923 3192 qui
939 3114 1102 3172 metuunt
1116 3101 1247 3170 aulicas

254 3200 479 3273 offensiones.
512 3197 611 3270 Bene
627 3213 663 3269 et
675 3199 826 3270 feliciter
840 3201 954 3271 valeat
968 3201 1008 3272 C.
1026 3202 1068 3274 V.
1102 3201 1170 3274 Die
1189 3206 1246 3276 tu.

254 3299 460 3387 Februarii,
491 3327 561 3394 quo
586 3316 667 3371 ante
690 3326 804 3372 annos
822 3301 918 3374 1716
935 3299 1157 3374 Macmbers
1174 3306 1247 3375 acie

254 3403 341 3473 vicit
376 3396 624 3487 Itticanorem,
672 3405 823 3494 superbe
862 3405 1065 3476 minitatum
1104 3408 1246 3496 templo.

255 3501 338 3593 Quo
371 3506 530 3597 exemplo
559 3501 657 3574 Deus
685 3519 828 3580 testatus
852 3520 921 3590 est,
960 3509 1029 3592 sibi
1053 3505 1248 3578 Ecclesiam

255 3629 354 3675 suam
378 3629 481 3676 curae
502 3629 591 3692 esse,
621 3629 726 3700 quam
747 3620 787 3678 ut
808 3631 903 3679 nunc
919 3634 1061 3703 quoque
1079 3622 1250 3702 protegat,

254 3731 450 3798 precamur.

1094 4071 1148 4133 13.
1164 4062 1237 4126 Feb.

1072 4153 1244 4182 m

255 4047 448 4172 Q.

594 4251 639 4337 C.
673 4253 949 4372 (ἶνιισίἕενο.Ι

327 4411 478 4498 1111111111.
495 4411 542 4468 111.
555 4431 582 4484 p.
598 4415 656 4473 156.
675 4415 729 4498 (ed.
742 4419 830 4478 Laud.
850 4423 897 4476 lib.
909 4423 956 4477 111.
970 4443 1012 4495 ep.
1025 4425 1089 4486 80).
1126 4425 1252 4498 Apogra·

359 4481 410 4554 pha
421 4499 450 4536 ru
464 4480 546 4539 aodd.
564 4483 698 4538 Gothaurs
714 4488 772 4539 191.
793 4507 818 4558 p.
835 4489 877 4544 78.
892 4501 920 4543 et
932 4495 993 4548 101.
1012 4512 1040 4566 p.
1055 4495 1098 4549 tt.

460 4653 513 4732 D.
541 4648 759 4753 Caspara
790 4651 1051 4755 Crucigero.

260 4785 302 4876 S.
326 4801 370 4874 D.
409 4800 512 4872 Hanc
527 4801 723 4896 Epistulam
740 4799 848 4875 hodie
862 4831 940 4878 cum
955 4815 1155 4896 scriberem,
1179 4817 1253 4886 dies

259 4929 317 4976 me
336 4905 548 4978 admonebat
570 4908 614 4976 de
642 4906 788 4978 victoria
812 4903 1031 4998 Maccabei,
1057 4941 1162 5008 quern
1186 4918 1253 4988 scis

260 5002 361 5078 11111.
379 5004 436 5077 die
459 5008 589 5075 mensis
603 5007 789 5078 Februarii
804 5005 923 5093 Adur,
948 5014 1020 5082 acie
1041 5013 1252 5088 1111551111-

261 5129 428 5179 canorem
451 5107 601 5198 superbe
622 5111 825 5182 minitatum
847 5112 990 5203 templo.
1041 5112 1117 5183 Etsi
1136 5131 1251 5190 autern

261 5209 388 5302 gratias
411 5231 476 5298 ago
497 5205 574 5277 Deo
596 5223 738 5281 aeterno
763 5211 859 5285 Patri
875 5213 1023 5283 Domini
1045 5219 1156 5287 nostri
1172 5221 1253 5290 lesu

260 5307 413 5390 Christi,
438 5311 536 5404 quod
556 5322 590 5379 et
605 5324 689 5381 tunc
705 5316 874 5402 proterit,
900 5327 935 5382 et
950 5328 1065 5385 servat
1085 5311 1252 5391 hactenus

259 5409 469 5486 Ecclesiam:
499 5423 618 5480 tamen
646 5411 829 5484 bellatores
855 5415 1039 5484 conserens
1062 5441 1189 5507 magno
1214 5421 1251 5488 iu

260 5517 382 5587 dolore
397 5537 485 5588 sum.
522 5510 614 5583 Cum
628 5533 767 5582 causam
782 5530 862 5606 post
879 5509 1042 5588 homines
1056 5531 1157 5590 natos
1170 5521 1253 5610 pul-

1291 765 1364 812 sese
1404 745 1649 816 deformarent
1674 745 1766 836 ipsi?
1825 742 1894 814 Sed
1920 737 1979 812 his
1999 743 2160 834 exemplis
2178 766 2251 808 eoru-

1290 848 1480 918 monefacit
1494 845 1674 928 uosDeus‚
1691 847 1887 916 utcoeleste
1902 847 2114 916 auxiliumet
2127 857 2252 936 petamus

1291 958 1327 1015 et
1342 964 1572 1039 expectemus.
1612 949 1689 1018 Hac
1706 949 1774 1016 lide
1790 947 1950 1017 miserias
1966 963 2101 1018 nostras
2116 945 2252 1036 placidius

1291 1048 1455 1124 ieramus.
1585 1121 1587 1128 ,

1394 1150 1464 1222 Hic
1486 1155 1587 1220 aiunt
1608 1154 1733 1221 missos
1755 1175 1774 1220 a
1791 1147 1980 1220 dicuntia
1998 1153 2132 1219 venisse
2147 1143 2253 1215 Aldu-

1294 1249 1450 1344 burgam
1467 1257 1510 1322 ad
1529 1255 1820 1348 deliberationem
1838 1255 1882 1320 de
1898 1277 1994 1344 pace.
2046 1251 2125 1341 Qua
2141 1253 2179 1318 de
2194 1275 2223 1317 re
2234 1251 2252 1316 si

1294 1351 1517 1448 quid-habes,
1541 1357 1709 1444 significa.
1748 1353 1927 1446 Epistolas
1942 1356 2060 1438 mitto,
2083 1375 2164 1446 quas
2180 1375 2253 1418 moo-

1295 1470 1405 1525 strare
1428 1471 1527 1548 potes
1549 1456 1596 1529 R.
1612 1455 1658 1530 D.
1675 1450 1830 1526 Pastori
1853 1471 1886 1526 et
1897 1453 2110 1528 Clarissimo
2132 1453 2208 1520 Viro
2224 1449 2254 1522 D.

1295 1551 1518 1654 Pantanu¹).

1395 1659 1596 1730 Meministi
1621 1673 1656 1730 et
1677 1653 1909 1752 Propheticas
1934 1673 1970 1728 et
1991 1650 2155 1728 Graecas
2173 1652 2255 1726 histo

1296 1761 1387 1841 rias,
1422 1787 1512 1856 quae
1543 1778 1692 1832 narrant
1718 1761 1954 1854 Respublicas
1979 1783 2039 1852 spe
2066 1773 2254 1829 externomn

1297 1863 1510 1934 auxiliorum
1528 1865 1690 1955 deceptas
1707 1889 1850 1954 magnas
1867 1865 1933 1934 sihi
1949 1862 2159 1932 calamitates
2171 1883 2256 1928 accer-

1297 1967 1429 2036 sivisse.
1496 1965 1570 2036 Nos
1593 1992 1735 2060 quoque
1760 1959 1916 2037 vidimus
1932 1962 1961 2058 ²)
1992 1976 2088 2034 mota
2112 1962 2195 2032 bella
2217 1983 2256 2048 spe

1298 2068 1423 2138 talium
1441 2064 1469 2164 ³)
1492 2059 1704 2146 auiiliorum
1721 2094 1810 2162 quae
1830 2064 1985 2162 (omnia)
2002 2061 2033 2158 ⁴)
2059 2079 2162 2136 tetros
2174 2063 2256 2131 exitus

1299 2165 1521 2255 habueruut,
1558 2196 1599 2240 ac
1627 2173 1737 2240 miror
1766 2184 1905 2240 nostros
1933 2183 2004 2240 tam
2035 2168 2108 2237 cito
2130 2163 2255 2235 oblivisci

1294 2261 1507 2342 'Iule'acense
1522 2274 1743 2364 exemplum.
1777 2271 1848 2344 Sed
1863 2268 1949 2342 haec
1965 2291 2098 2342 coram.
2138 2267 2256 2354 1111311-

1298 2399 1381 2465 pere
1411 2388 1444 2444 te
1474 2400 1559 2460 oro,
1592 2389 1632 2444 ut
1661 2369 1813 2444 horteris
1837 2387 2057 2468 quaestorem
2082 2362 2256 2438 Iohannem

1297 2471 1449 2546 Rarum
1472 2491 1513 2546 ut
1527 2475 1750 2547 tenuioribus
1764 2477 1907 2567 collegis
1925 2474 2063 2567 aliquid
2076 2473 2258 2542 corradatur.

1296 2578 1395 2650 Bene
1412 2580 1499 2648 vale.
1528 2575 1624 2674 132)
1639 2576 1845 2664 Februarii,
1870 2575 1979 2648 Anno
1999 2572 2111 2649 1547.

1909 2779 2253 2799 -ι--ῑ--ο

2151 2911 2257 2984 miei.

2161 3001 2253 3030 ..ΛΑ

1308 2922 1375 2994 No.
1390 2921 1504 2995 3756.

1302 3019 1515 3056 m

1574 3120 1723 3206 Ioaoh.
1757 3115 2018 3203 Camerario.

1365 3283 1450 3357 Epist.
1463 3284 1496 3339 ad
1512 3281 1650 3336 Camerar.
1668 3301 1695 3352 p.
1710 3279 1761 3334 570
1773 3299 1814 3350 sq.
1832 3279 1887 3348 (etl.
1902 3278 1990 3334 Laud.
2005 3277 2052 3332 lib.
2068 3275 2120 3336 lV.
2137 3296 2175 3348 ep.
2187 3274 2247 3336 ut).

1297 3434 1524 3513 Clarissima
1541 3439 1635 3526 vira,
1667 3433 1870 3509 eruditione
1886 3446 1917 3507 et
1934 3435 2064 3508 virtute
2085 3439 2261 3532 praestante

1298 3540 1326 3612 I
1331 3570 1384 3614 oa
1395 3539 1445 3614 ch
1456 3543 1470 3612 i
1477 3568 1544 3614 mo
1569 3535 1742 3614 Camcr.
1760 3536 1897 3612 Bamb.
1911 3538 2031 3608 amica
2044 3547 2077 3608 et
2087 3535 2209 3636 fratri
2218 3557 2263 3600 suo

1693 3665 1899 3728 cartssrmm

1298 3777 1345 3870 S.
1370 3795 1416 3872 D.
1467 3795 1569 3866 Hanc
1590 3796 1774 3888 epistolam
1798 3793 1888 3866 ldib.
1907 3791 2095 3863 Februarii
2119 3780 2262 3862 111111111-

1301 3894 1429 3970 abacia
1443 3894 1612 3984 Franco,
1641 3898 1702 3991 qui
1717 3899 1756 3966 in
1773 3893 1964 3966 Academia
1977 3893 2203 3964 Pomeranica
2216 3888 2261 3958 uti-

1300 4005 1383 4074 liter
1405 4007 1506 4074 docet
1522 3999 1707 4070 Elementa
1727 4000 1908 4068 doctrinae
1924 3997 1967 4066 de
1986 3997 2145 4066 motibus
2159 3991 2263 4064 celesti·

1300 4109 1379 4192 bus,
1402 4121 1436 4175 et
1451 4106 1653 4175 universam
1668 4095 1934 4193 philosophiam
1949 4098 2107 4168 studiose
2120 4098 2208 4169 colit.
2231 4089 2264 4158 Te

1204 4279 1212 4290 ,
1302 4223 1419 4280 autern
1441 4221 1612 4300 quantum
1630 4217 1741 4287 arnet,
1770 4227 1866 4271 nunc
1881 4201 2109 4274 solicitudine
2126 4203 2169 4269 de
2185 4213 2212 4267 te
2224 4217 2264 4260 sus

1302 4311 1466 4383 ostendit.
1519 4308 1623 4379 Prius
1644 4307 1676 4374 ei
1698 4299 1788 4373 nihil
1812 4303 1881 4372 suit
1899 4303 1938 4370 in
1957 4315 2079 4372 nostro
2097 4319 2264 4390 congressu.

1304 4437 1409 4506 quarn
1431 4428 1471 4483 ut
1494 4414 1537 4480 de
1554 4425 1613 4478 tua
1627 4406 1870 4490 incolumitate
1885 4405 2139 4494 interrogaret,
2165 4426 2200 4472 ae
2214 4395 2265 4464 ral-

1305 4518 1348 4583 de
1374 4517 1523 4584 laetatus
1546 4523 1614 4592 est,
1639 4523 1673 4579 te
1688 4522 1723 4579 et
1738 4508 1909 4577 familiam
1926 4506 2128 4576 obsidionis
2140 4497 2266 4595 pericula

1304 4615 1441 4687 vitasse.
1500 4611 1660 4705 Cumque
1689 4631 1907 4702 speraremus
1932 4607 2058 4680 teiam
2085 4595 2267 4704 Ersordirr

1304 4717 1490 4798 restitisse,
1515 4726 1586 4783 tarn
1602 4712 1698 4800 longi
1714 4710 1853 4781 itineris
1868 4710 2025 4780 laborem
2040 4733 2081 4778 eo
2097 4709 2166 4778 sibi
2183 4703 2266 4774 levio-

1303 4843 1378 4888 rem
1393 4819 1469 4886 iore
1483 4815 1694 4896 affirmabat,
1720 4813 1747 4880 si
1761 4827 1795 4884 te
1810 4813 1931 4882 videre
1947 4823 2077 4902 posset.
2129 4808 2237 4898 erare
2250 4801 2267 4865 si

1304 4922 1348 4990 ad
1365 4931 1398 4988 te
1415 4917 1551 4999 veniet,
1577 4928 1611 4984 et
1627 4927 1770 5006 propter
1785 4915 1987 4984 eommunia
2003 4913 2133 4998 studia,
2159 4925 2191 4980 et
2207 4929 2267 4998 pru·

1303 5035 1383 5113 pter
1397 5019 1450 5088 tui
1464 5041 1636 5097 amorem,
1664 5040 1742 5086 euru
1758 5017 1998 5110 complectare.
2038 5011 2091 5083 'l'e
2109 5014 2209 5084 etiarn
2224 5007 2267 5074 al-

1338 5213 1365 5272 1)
1385 5207 1437 5260 ne
1449 5209 1527 5262 achat
1540 5212 1603 5278 eto]
1618 5227 1673 5263 non
1689 5210 1815 5281 leguntur
1826 5210 1856 5264 in
1870 5209 1932 5265 ootl.
1949 5207 2034 5264 Goth.
2046 5204 2109 5260 101.
2163 5263 2166 5278 .

1337 5294 1364 5361 1)
1384 5291 1451 5348 cod.
1464 5293 1546 5350 Goth.
1560 5295 1618 5350 101.
1632 5300 1766 5350 or'demus.

1335 5377 1362 5446 0)
1383 5378 1451 5432 Cod.
1465 5379 1549 5436 Goth.
1562 5383 1621 5437 101.
1637 5381 1822 5435 Gallicorum.

1336 5463 1364 5526 1)
1383 5463 1488 5531 orrentia]
1501 5465 1600 5518 amittit
1616 5463 1676 5518 cod.
1694 5463 1778 5518 Goth.
1791 5466 1852 5520 101.

1337 5547 1366 5616 5)
1384 5547 1453 5608 Cael.
1471 5549 1553 5604 Goth.
1573 5549 1739 5604 1911111511
1761 5549 1805 5605 15.
1818 5553 1898 5606 Febr.
