4776 6256
88 548 278 618 mittuntur
294 545 430 639 coplae
450 543 690 638 Hispanieae,
732 559 782 618 et*
801 559 940 638 tempus
973 547 1081 616 breve

88 650 338 742 praescriptum
373 663 424 725 cst
448 647 557 733 Duri,
591 649 687 720 iutra
710 649 806 744 quod
829 646 921 738 Regi
943 642 1080 718 Ferat-

90 745 214 820 nendo
233 751 387 836 solvere,
414 751 533 820 nescio
556 765 750 842 qcrautum,
776 750 895 820 debet:
922 751 992 820 uisi
1008 750 1080 819 sol-

87 854 193 936 verit,
218 851 379 923 Ducatus
402 854 643 944 occupabitur.
692 850 741 923 Et
756 854 979 945 quorundam
997 863 1080 920 sunt

661 369 1100 450 EPISTOLARUM
1156 371 1265 454 LlB.
1297 375 1370 454 xt.
1402 375 1552 459 Addo.

1135 559 1190 618 cte
1219 547 1350 622 valent.
1403 545 1603 620 Diaconum
1636 552 1834 640 mittemus,
1867 553 1944 626 Deo
1972 551 2131 638 iurante,

1134 647 1228 722 iutra
1243 653 1441 726 octiduum.
1493 649 1695 728 benevale.
1746 654 1813 726 Die
1830 655 1866 730 7.
1881 655 2020 730 Martii.

1924 769 1994 847 Pb.

87 951 125 1024 ht
155 978 355 1034 sermones,
397 951 561 1044 Imperat.
585 953 694 1044 Regis
722 954 795 1022 lilio
823 937 1081 1022 Maximilla·
1132 977 1519 990 --·-·-----

89 1079 136 1126 no
159 1059 324 1126 daturum
355 1078 428 1125 esse
447 1055 638 1140 'Sueviam,
670 1051 846 1126 Ducatum
872 1055 1080 1126 Wirteber-

89 1181 227 1248 geusem
246 1172 280 1228 et
290 1153 480 1240 Alsatiarn,
498 1182 577 1226 cnm
594 1155 708 1248 Regio
726 1157 841 1228 titulo.
893 1156 961 1228 Sed
983 1153 1080 1228 Deus

88 1255 172 1330 haec
201 1259 350 1330 consilia
374 1262 417 1329 de
439 1255 598 1329 Ecclesia
632 1273 666 1329 et
700 1260 744 1329 de
768 1255 932 1351 imperiis
966 1259 1079 1350 impe-

89 1363 182 1435 diet.
410 1361 414 1368 '

191 1459 298 1552 Quod
322 1451 494 1534 hactenus
522 1461 683 1532 nondum
707 1461 750 1530 ad
774 1459 949 1553 optimum
971 1459 1078 1531 Prin·

89 1565 200 1658 cip'em
236 1565 414 1658 captivum
446 1563 588 1655 scripsi,
627 1576 661 1633 et
692 1576 838 1654 propter
866 1563 1010 1633 titulum
1046 1575 1083 1633 et

87 1680 235 1760 propter
257 1665 536 1755 magnitudinem
551 1663 716 1734 dolorum
735 1687 912 1748 meorum,
927 1677 962 1734 et
976 1689 1082 1735 occu-

88 1769 274 1862 pationum
312 1767 552 1837 assiduitatem
588 1766 772 1836 instituere
810 1767 1079 1837 convenientem

1144 1109 1211 1184 No.
1228 1110 1342 1187 4167.

1140 1209 1354 1250 Μ

1289 1299 1526 1390 Grueserus
1556 1305 1619 1390 od
1647 1305 1982 1393 Melanthonerrr.

1200 1465 1222 1531 1-
1239 1463 1278 1520 Er
1295 1467 1464 1542 autographo
1479 1470 1606 1526 Graecari
1622 1471 1648 1524 in
1662 1469 1725 1526 cod.
1740 1465 1825 1524 Goth.
1841 1467 1899 1524 128.
1913 1486 1957 1540 ep.
1969 1467 2029 1524 109.

1939 1137 1996 1197 l0.
2013 1125 2105 1193 Mart.

1909 1219 2123 1258 m

1133 1613 1344 1714 Magnifice
1367 1627 1398 1688 el
1423 1616 1569 1691 clariss.
1598 1617 1695 1700 viro,
1723 1613 1872 1688 domino
1894 1611 2129 1718 Philippo

1152 1715 1209 1792 M
1216 1718 1259 1791 el
1263 1715 1484 1804 anthoni,
1511 1747 1579 1792 suo
1595 1715 1744 1792 domino
1765 1717 2108 1792 observandissime.

88 1871 273 1964 epistolam
293 1894 368 1939 non
391 1869 505 1960 potui:
534 1867 693 1942 Scribam
716 1880 852 1952 tamen,
879 1881 913 1936 et
937 1869 1081 1962 quidem
1134 1837 1305 1932 Gratiam
1334 1883 1396 1949 per
1417 1853 1600 1928 Christum
1631 1859 1700 1928 tibi
1724 1859 1992 1948 multiplicetur.
2054 1858 2132 1951 Ago

88 1973 204 2064 ipsum
224 1973 336 2042 multo
352 1971 542 2042 beatiorem
561 1992 634 2039 esse
650 1967 768 2038 iudico
790 1967 828 2036 in
844 1961 911 2038 bac
926 1969 1084 2051 lortnna,
1134 1963 1221 2047 tibi,
1246 1962 1403 2052 piissime
1419 1983 1461 2031 ac
1474 1961 1675 2030 doctissime
1691 1961 1836 2030 domine
1847 1955 2031 2052 Philipps,
2052 1985 2132 2052 gra·-

88 2087 275 2166 propterea
299 2073 361 2167 qui
386 2073 483 2143 abest
506 2097 525 2142 a
554 2069 870 2140 deliberationibus
904 2069 1020 2141 stultis
1052 2085 1085 2140 et
1136 2065 1202 2136 tias
1227 2063 1391 2132 ecclesiae
1417 2073 1559 2130 nostrae
1581 2063 1744 2144 nomine,
1767 2065 1864 2153 quod
1886 2086 2007 2132 curam
2033 2064 2132 2134 illius

89 2171 274 2270 impiis²),
301 2198 405 2268 quarn
424 2175 531 2258 alios,
558 2171 801 2266 quividentur
824 2173 969 2252 florere,
995 2195 1085 2266 quos
1137 2164 1349 2255 susceperis,
1377 2162 1616 2232 etdiaconum
1642 2163 1745 2234 uobis
1769 2163 1978 2254 dispexeris,
2004 2165 2048 2234 de
2070 2189 2133 2234 cu-

88 2277 159 2348 illis
183 2275 499 2346 deliberationibus
521 2275 688 2345 interesse
710 2295 850 2343 necesse
875 2285 937 2346 est.
988 2271 1085 2342 Bene
1139 2267 1194 2336 ius
1215 2266 1368 2336 utilitate
1393 2276 1427 2332 et
1448 2265 1585 2348 lurotu,
1612 2289 1718 2357 quem
1741 2263 1913 2334 allaturus
1936 2278 2007 2346 est,
2039 2259 2132 2334 nibil

87 2381 212 2448 valete.
264 2375 359 2448 Deus
374 2391 555 2461 aeternus,
581 2373 686 2445 Pater
701 2370 849 2444 Domini
870 2374 984 2443 nostri
1007 2371 1086 2443 lesu
1138 2367 1357 2450 dubitamus,
1382 2375 1522 2434 tantmn
1539 2365 1635 2432 enim
1651 2367 1877 2436 excellentiae
1901 2379 1980 2436 tuae
2000 2367 2132 2437 iudicio

88 2475 245 2566 Cbristi,
269 2492 382 2548 servet
401 2492 435 2547 et
452 2491 546 2568 regat
562 2500 625 2546 vos
642 2489 676 2546 et
694 2471 977 2545 honestissimam
1000 2497 1085 2543 con·
1138 2467 1352 2550 tribuimus,
1384 2477 1425 2534 ut
1453 2488 1527 2533 nou
1549 2467 1718 2536 ulteriore
1742 2491 1825 2536 eura
1850 2468 1954 2536 nobis
1976 2467 2014 2536 in
2037 2468 2134 2539 iudi-

88 2580 208 2671 iugem
238 2596 408 2664 vestram,
440 2593 475 2652 et
503 2579 727 2652 dulcissimos
760 2577 902 2646 liberos.
957 2573 1025 2646 Die
1049 2573 1086 2650 5.
1139 2567 1353 2649 candoillo,
1379 2589 1484 2659 quem
1500 2566 1670 2637 missurus
1693 2593 1748 2647 es,
1780 2593 1869 2660 opus
1892 2570 2134 2640 essearbitre-

89 2681 227 2754 Martii.
1139 2694 1229 2740 mur.
1279 2665 1437 2737 Proinde
1462 2668 1582 2738 veniat
1604 2693 1683 2737 cum
1707 2669 1810 2752 libet,
1835 2683 1877 2740 nt
1898 2669 2014 2760 ipsum
2030 2685 2064 2740 et
2078 2671 2133 2738 vi-

1139 2775 1284 2843 deamus
1302 2784 1335 2840 et
1350 2767 1546 2842 audiamus.
1598 2765 1767 2839 Officium
1788 2794 1890 2840 suum
1912 2771 2057 2862 arripiet
2081 2794 2135 2840 se-

1140 2874 1296 2966 ptimana
1326 2895 1415 2964 quae
1441 2871 1599 2962 sequitur
1622 2867 1794 2962 paschatis
1823 2873 1946 2958 ferias5
1990 2872 2135 2958 interim

1140 2999 1207 3046 nos
1229 2976 1323 3056 eius,
1350 2972 1412 3065 qui
1442 2972 1532 3040 victa
1554 2972 1742 3042 defunctus
1764 2987 1833 3057 est,
1866 2974 1961 3043 vices
1982 2997 2137 3065 agemus,

1139 3093 1180 3148 ut
1196 3077 1324 3144 viduae
1338 3074 1484 3142 miserae
1501 3072 1589 3142 istuc
1604 3076 1705 3144 cedat
1719 3074 1878 3166 pecunia.

1240 3174 1417 3245 Dominus
1430 3168 1743 3262 Kumcrstodius,
1768 3200 1847 3246 curn
1875 3176 2022 3247 tabellio
2048 3175 2136 3247 lite-

1140 3302 1197 3350 ras
1220 3291 1298 3348 tuas
1321 3270 1410 3345 mibi
1436 3277 1619 3361 redderet,
1644 3279 1839 3348 dominon
1862 3292 1955 3360 erat,
1983 3279 2136 3370 proinde

1141 3380 1313 3452 nuncium
1349 3379 1393 3446 ad
1428 3379 1542 3470 ipsum
1577 3378 1669 3451 misi.
1731 3375 1814 3467 Agit
1837 3379 1875 3448 in
1900 3381 2044 3470 praedio
2072 3404 2136 3450 suo

1142 3481 1239 3554 haud
1255 3481 1379 3574 procul
1395 3481 1440 3550 ab
1457 3481 1588 3572 oppido
1605 3477 1743 3573 Huyo,
1769 3483 1864 3551 unde
1885 3483 2000 3572 ipsum
2024 3485 2068 3551 ad
2093 3482 2139 3550 li-

771 2775 972 2874 Philippus.

949 3157 982 3220 7.
998 3149 1086 3216 Mart.

733 3301 741 3312 ι
952 3245 1087 3276 Μ

423 3343 525 3432 Vol.
557 3344 758 3428 Heokero.

181 3505 205 3573 †
223 3449 261 3556 ils
275 3518 367 3572 apogr.
383 3499 412 3554 in
427 3500 489 3556 cod.
501 3499 589 3555 Poris.
603 3502 641 3558 Ι).
655 3499 687 3556 L.
702 3501 736 3555 54
746 3505 769 3556 ¹.

90 3147 290 3278 QG.

1143 3603 1235 3658 teras
1263 3599 1340 3652 tuas
1364 3605 1615 3674 responsurum
1635 3607 1709 3650 non
1723 3584 1861 3654 dubito.
1912 3581 2139 3673 Augustanos

1143 3685 1413 3756 reformationes
1444 3683 1570 3752 merito
1603 3706 1726 3752 omnes
1759 3683 1961 3752 metuimus.
2020 3683 2137 3753 Video

1144 3786 1259 3868 enirn,
1285 3783 1409 3852 aulicis
1426 3783 1587 3852 ecclesias
1602 3785 1792 3853 reformare
1814 3783 2033 3874 impossibile
2054 3807 2137 3858 esse.

86 3853 135 3946 S·
162 3874 207 3948 D·
260 3872 923 3947 Venerandeviretamicecarlsslmfl·
973 3873 1092 3944 Tuea-
1143 3883 1220 3976 Ego
1237 3885 1392 3954 delectos
1405 3884 1674 3976 illos‚quorum
1690 3886 1885 3975 catalogum
1899 3879 1958 3954 bic
1972 3885 2139 3965 vidimus,

88 4003 178 4049 mut
212 3979 498 4050 fflsslusstllfflleffl
532 3991 689 4046 nomam
723 3999 764 4044 ²⁰
798 3975 932 4043 malote
962 3975 1093 4056 ⁸l⁰d302
1145 3991 1188 4058 de
1204 3989 1317 4058 forma
1335 3997 1369 4054 et
1384 3986 1491 4054 modo
1509 3985 1677 4080 colloquii
1692 3988 1861 4056 duntaxat
1879 4001 2017 4056 actrrros
2038 3999 2141 4076 puta-

92 4084 183 4176 quia
199 4083 237 4150 in
255 4083 464 4150 adversariis
482 4081 606 4150 crescit
623 4077 750 4151 rabies.
788 4075 865 4148 Seis
881 4077 1004 4147 edictis
1019 4075 1094 4148 tte-
1145 4091 1202 4174 vi,
1227 4091 1288 4158 sed
1310 4086 1433 4169 audio,
1456 4086 1551 4176 ipsos
1568 4109 1641 4158 esse
1657 4087 1921 4173 reformatores,
1937 4101 1970 4158 02
1987 4089 2055 4156 iam
2072 4089 2141 4156 dn.

92 4187 149 4276 853
167 4185 253 4275 pelli
269 4209 310 4253 θ’(
327 4181 495 4253 ΕΰῦῙθὸῑῙθ
511 4181 587 4272 Ρῖθὸ
604 4193 779 4271 P³⁸l⁰t²³2
803 4192 838 4248 ²1
853 4179 959 4249 tudio
977 4180 1093 4248 ¹¹¹5ssst-
1146 4193 1232 4262 dum
1249 4192 1294 4258 de
1312 4186 1409 4260 Cana
1427 4188 1570 4277 caprina
1585 4187 1724 4276 magnis
1741 4189 1956 4259 clamoribus
1980 4203 2013 4260 et
2028 4189 2141 4258 saevis

93 4289 149 4357 ⁰3³
176 4280 946 4372 dicia5¹¹0⁰¹¹V⁰⁰21¹A¹¹8¹¹⁵l³¹¹⁰PP⁰P⁰¹¹l
999 4276 1094 4349 Ofe-
1147 4293 1365 4364 contentiose
1380 4291 1583 4363 decertasse.
1636 4288 1732 4360 Mori
1749 4292 1905 4382 prolecto
1920 4290 2029 4360 satius
2043 4303 2143 4374 esset,

94 4411 180 4458 “¹⁰⁵
202 4401 319 4458 aulem
346 4387 459 4455 fillum
478 4385 562 4470 Del,
589 4396 883 4474 ¹¹²⁰0⁸Pf0208³l
907 4395 942 4452 οἳ
965 4383 1095 4474 gnbef·
1148 4419 1254 4490 quam
1285 4391 1458 4464 eiusmodi
1481 4415 1591 4481 nugas
1612 4392 1779 4485 recipere.
1831 4392 1901 4464 Sed
1923 4387 2001 4461 Deo
2022 4413 2090 4462 uos
2109 4405 2144 4462 et

94 4505 179 4572 net,
204 4489 266 4582 qui
287 4487 393 4558 dixit:
428 4512 505 4558 ecce
529 4509 590 4574 eso
610 4487 793 4554 vobiscum
815 4507 893 4554 sum
916 4507 1027 4578 usaue
1050 4483 1094 4552 ad
1149 4497 1310 4568 ecclesa
1333 4507 1473 4563 nostras
1494 4495 1833 4567 commendabamus.
1887 4493 1951 4562 ua
1973 4493 2038 4560 siit
2060 4515 2145 4562 suas

93 4591 441 4662 consummationem
468 4589 588 4660 sectili.
639 4585 784 4676 Colligit
811 4581 1026 4670 Ecclesiam,
1063 4597 1097 4654 et
1150 4621 1272 4669 causae
1288 4597 1399 4666 dubio
1416 4595 1538 4685 prom!
1554 4617 1628 4664 non
1644 4596 1855 4688 affligam
1870 4594 2006 4686 mpori,
2020 4591 2144 4664 dam..

79 4697 173 4764 'noar
192 4694 294 4762 aliter
317 4691 387 4762 nisi
403 4715 488 4762 voce
505 4687 699 4780 Evangelii.
750 4686 826 4756 Hac
848 4710 914 4757 nos
935 4687 1098 4758 consola·
1151 4697 1635 4788 ,liregnisipsumpafiemn
1690 4695 2046 4785 Vivetfflrpusei11³‚
2077 4696 2144 4764 (10.
2227 4771 2232 4784 Ι

94 4797 198 4868 lione
224 4795 408 4882 erissafflut·
462 4791 516 4862 De
541 4793 603 4861 5¹¹³
625 4791 775 4874 mima,
805 4813 895 4882 ‘111³‘
910 4804 1057 4860 vexatur
1078 4811 1098 4858 ὃ
1151 4826 1215 4871 nec
1229 4811 1333 4892 eaput
1350 4799 1471 4867 vivum
1487 4800 1612 4884 fuerit,
1637 4821 1702 4868 nee
1723 4797 1869 4868 rexerit
1890 4799 1965 4864 sine
1979 4819 2088 4884 regno
2110 4809 2145 4866 et

94 4899 195 4968 malo
211 4896 357 4986 spiritu,
383 4907 522 4965 tantum
537 4887 606 4963 hoc
621 4895 746 4962 damus
760 4891 966 4976 consilium,
990 4905 1028 4962 ut
1041 4891 1099 4982 pia
1154 4903 1305 4996 populo,
1331 4899 1437 4970 etiam
1459 4899 1489 4968 si
1513 4923 1585 4968 non
1609 4922 1731 4969 ornnes
1754 4898 1878 4991 populi
1894 4899 2010 4988 ipsum
2027 4920 2145 4986 regern

94 4997 305 5092 precatione
326 4997 510 5087 pugnetis,
546 5010 580 5066 et
614 4995 744 5066 curetis
774 5017 904 5085 corpus
925 4993 1100 5063 imbecille
1155 5015 1357 5094 agnoscant,
1409 4998 1499 5070 Eine
1517 4999 1582 5070 filii
1595 4997 1661 5068 Dei
1678 5001 1802 5091 populi
1826 5020 1905 5090 pm
1926 5021 2000 5070 0539
2022 5019 2147 5070 mmm

95 5115 196 5170 recte
214 5099 288 5187 regi
305 5098 385 5168 cibo
408 5113 442 5168 et
458 5119 583 5166 somno
611 5110 645 5165 et
668 5096 924 5166 cousuetudine
946 5095 1103 5187 placido-
1156 5108 1206 5198 ρῐῐ
1229 5105 1437 5186 studebunu
1465 5102 1502 5170 id
1520 5104 1614 5196 (prod
1637 5114 1672 5171 et
1691 5097 1781 5171 mibi
1798 5123 1901 5171 curae
1920 5102 2006 5185 erit,
2033 5101 2146 5170 donee

96 5227 185 5272 rum
210 5197 399 5272 bominum
423 5199 605 5272 custodiri.
657 5193 829 5289 Exempla
843 5198 998 5267 vidimus
1016 5197 1104 5266 alia·
1158 5209 1296 5288 vixero,
1318 5204 1395 5275 Deo
1418 5227 1479 5293 per
1495 5201 1669 5293 Spiritum
1685 5201 1722 5276 S.
1737 5205 1946 5286 adiuvante,
1968 5197 2097 5273 Amen.

98 5329 206 5387 rum,
232 5325 323 5396 quae
343 5303 392 5371 sic
417 5314 556 5372 curatae
579 5313 713 5370 suntet
734 5295 840 5381 bodie
857 5299 983 5371 vivunt
998 5314 1034 5371 et
1049 5323 1105 5369 re-
1260 5303 1366 5397 Apud
1391 5327 1456 5374 nos
1471 5299 1565 5374 nibil
1581 5306 1717 5374 estsere
1731 5302 1834 5388 novi,
1859 5303 1955 5397 quod
1973 5301 2150 5376 excellen-

1049 5393 1057 5414 ⁸
1159 5413 1244 5482 tiam
1274 5424 1371 5480 tuam
1407 5407 1533 5476 rescire
1565 5429 1692 5496 operae
1722 5405 1876 5496 pretium
1903 5417 2044 5494 putem,
2078 5399 2150 5474 nisi

1161 5513 1257 5608 quod
1284 5507 1337 5581 M.
1349 5503 1513 5578 Ioannes
1531 5499 1763 5594 Tettelhoch,
1788 5506 1874 5576 olim
1896 5503 2069 5579 diacoum
2083 5525 2151 5573 uo·

1190 5619 1197 5626 '
1310 5603 1392 5686 52·
1791 5639 1796 5646 ·

122 3637 387 3714 Valentino
411 3637 600 3720 Hccler,
626 3634 782 3710 Pastori
804 3635 994 3710 Ecclesiae
1019 3637 1059 3707 in

473 3733 723 3811 Schwihosen.

136 5544 170 5614 a>
187 5542 244 5600 sa.
262 5543 298 5600 a.
311 5543 367 5612 o..
381 5541 429 5600 aa
444 5542 567 5598 ossea
583 5561 603 5598 a
614 5541 862 5600 seponamus
874 5541 938 5598 aaa.
1024 5505 1028 5512 ’
