4754 6260
96 311 174 389 stt
688 309 1124 390 urtsrotltttttttt
1173 314 1279 394 LlB.
1304 315 1350 397 Χ.
1404 316 1534 398 1648.
1969 263 1971 266 ¹
2074 325 2151 408 278

97 513 239 583 gressus
273 491 354 582 plus
383 485 514 561 habeat
537 486 800 590 lamiliaritatis.
864 484 956 558 Nam
979 501 1100 582 postea
1151 489 1294 562 insitam
1319 485 1358 560 hi
1382 492 1567 565 domestici
1597 494 1738 568 dolores
1767 498 1902 573 maiora
1929 502 2079 574 vulnera
2108 504 2147 573 in

99 607 162 664 tuo
190 617 271 664 eum
295 592 449 676 iudicio,
482 593 580 686 quod
603 606 652 666 est
676 591 924 682 gravissimum
944 592 1102 684 comple-
1150 594 1279 666 animis
1305 593 1460 676 iaciunt,
1503 620 1610 691 quam
1640 601 1801 692 publicae
1830 627 1978 677 causae„
2033 603 2146 676 Video

97 709 203 769 ctere.
255 692 310 766 Ac
326 696 355 764 si
371 695 518 790 quidde
534 693 761 764 meoiudicio
778 693 995 783 interrogas,
1019 719 1101 764 cum
1150 712 1268 768 autem
1291 697 1330 767 in
1353 698 1460 768 tantis
1484 699 1638 790 publicis
1662 716 1697 772 et
1720 705 1868 794 privatis
1893 706 2044 778 miseriis
2063 709 2148 777 uni-

98 799 322 870 consuetudo
336 798 473 890 aliquot
496 819 674 867 annorum
697 797 826 880 luerit,
858 797 897 864 in
924 820 993 889 qua
1015 793 1101 868 οὔτε
1150 823 1227 869 carn
1262 793 1354 868 hano
1382 801 1796 876 consolationemnobis
1819 808 2036 899 propositam
2059 834 2146 894 esse,

97 896 176 974 ποτ’
194 900 251 974 eir
267 897 388 1000 ἆγρρῇ
403 893 472 992 dei
492 891 751 996 e‘lioilgoptatt'),
780 893 867 971 οὔδ’
886 893 940 970 ἐνὶ
960 895 1100 993 βουλῇ;
1151 927 1256 994 quam
1282 899 1378 972 Deus
1403 903 1477 994 ipse
1499 905 1604 976 nobis
1628 908 1790 992 tradidit,
1825 935 1906 980 curn
1927 912 2061 1006 inquit:
2087 912 2145 980 in-

98 1004 203 1076 valde
218 1028 300 1073 eum
315 1014 459 1095 propter
474 1015 621 1072 naturae
637 1002 834 1072 bonitatem
850 1001 972 1090 diligo.
1007 999 1099 1070 Nam
1151 1028 1236 1072 voca
1258 1028 1315 1072 me
1339 1004 1377 1072 in
1401 1006 1458 1075 die
1474 1007 1734 1094 tribulationis,
1753 1024 1789 1080 et
1805 1010 1953 1102 eripiam
1973 1027 2027 1098 te,
2053 1027 2087 1086 et
2104 1028 2144 1086 tu

47 1165 52 1180 .
98 1107 215 1178 virtus
232 1107 270 1176 in
289 1130 330 1176 eo
346 1127 419 1174 nou
439 1117 490 1175 est
509 1105 641 1174 iniusta
656 1118 717 1175 aut
732 1103 865 1174 adscita
879 1097 919 1198 ³)
944 1105 987 1174 ad
1009 1114 1098 1173 tem·
1150 1105 1361 1196 glorificabis
1372 1130 1439 1180 me.
1466 1107 1559 1186 Toto
1570 1109 1828 1203 igiturpectore
1837 1111 1951 1185 Deum
1962 1131 2144 1186 aeternum

99 1232 186 1302 pus,
221 1209 281 1278 sed
302 1220 428 1278 natura
444 1201 482 1300 ⁴)
507 1220 601 1276 amat
624 1195 665 1275 ih
686 1206 785 1284 omni
800 1205 917 1276 officio
934 1208 1099 1299 rnodera-
1150 1221 1285 1300 patrem
1304 1209 1442 1278 domini
1459 1212 1576 1280 nostri·
1590 1211 1614 1285 Ι.
1630 1209 1688 1298 C.,
1711 1239 1795 1300 oro,
1821 1229 1860 1286 ut
1875 1233 1989 1289 servet
2005 1219 2146 1288 incolu-

98 1311 239 1382 tionem
253 1310 405 1380 maxime
424 1311 613 1380 salutarem
637 1309 749 1393 vitae,
775 1309 836 1392 sed
860 1307 929 1392 ita,
953 1323 993 1379 ut
1014 1332 1101 1378 con·
1150 1335 1224 1380 mes
1247 1326 1280 1382 te
1305 1325 1339 1381 et
1361 1307 1603 1382 charissimam
1628 1329 1774 1385 matrem
1796 1342 1927 1404 meam,
1957 1345 1997 1390 ac
2021 1336 2062 1392 ut
2080 1345 2143 1390 sua

98 1414 270 1484 stantiam
290 1411 568 1504 gravitatemque
584 1410 622 1481 in
638 1411 730 1480 veris
746 1410 929 1481 sententiis
946 1426 981 1481 et
997 1407 1100 1479 rect'is
1151 1413 1321 1483 immensa
1345 1415 1585 1486 misericordia
1603 1439 1721 1506 pacem
1737 1415 1904 1491 Ecclesiis
1922 1437 1956 1493 et
1971 1423 2144 1514 reipubli-

98 1515 273 1596 consiliis,
290 1515 396 1584 etiam
411 1514 450 1583 in
467 1513 633 1606 periculis
649 1514 815 1583 tuendam
830 1525 971 1584 statuat.
1003 1509 1100 1582 Haec
1151 1539 1211 1584 cae
1236 1517 1415 1601 restituat,
1444 1531 1480 1588 et
1499 1519 1643 1612 quidem
1666 1544 1786 1611 spero,
1813 1547 1893 1592 eum
1912 1526 2062 1615 gemitus
2078 1551 2145 1596 no·

96 1619 194 1689 bona
226 1618 380 1688 excoluit
408 1616 570 1686 doctrina
600 1639 675 1684 non
706 1627 842 1708 tantum
875 1615 1008 1684 lorensi
1039 1617 1107 1716 sed.
1150 1632 1240 1688 stros
1267 1621 1515 1714 exauditurum
1539 1644 1633 1706 esse,
1674 1637 1708 1693 et
1732 1623 1977 1714 impendentes
1999 1628 2145 1697 calami-

98 1723 209 1792 etiam
233 1721 385 1790 aliarum
411 1719 594 1790 literarum
618 1731 723 1812 atque
746 1718 898 1802 artium,
931 1742 1022 1812 quae
1045 1717 1100 1786 vi·
1150 1733 1236 1790 tates
1256 1721 1510 1812 mitigaturum.
1554 1723 1662 1794 lnstat
1679 1738 1712 1795 et
1731 1723 1898 1816 epithasis
1915 1725 2144 1799 horribilium

98 1837 169 1896 tam
194 1822 404 1913 gubernent.
463 1817 510 1892 Et
537 1845 577 1890 ex
601 1821 663 1910 illa
688 1823 761 1912 ipsa
785 1819 944 1890 doctrina
967 1820 1099 1890 forensi
1151 1828 1479 1918 motuum‚'quam
1518 1840 1559 1896 te
1584 1828 1843 1917 praedicentem
1878 1855 1979 1922 saepe
2012 1832 2144 1904 audivi.

100 1925 272 1998 transfert
289 1926 334 1994 ad
352 1947 434 1994 suos
448 1947 587 2009 mores,
612 1947 685 1993 non
709 1921 935 1992 calliditatem
959 1926 1017 1992 sed
1044 1922 1100 1992 iu·
1151 1921 1365 2020 Quanquam
1383 1942 1498 1999 autem
1515 1917 1717 2020 principum
1734 1944 1768 2001 et
1783 1955 1904 2020 regum
1922 1935 2059 2005 furores
2075 1934 2144 2002 rui-

102 2023 290 2123 sticiam³)
322 2039 357 2096 et
384 2027 619 2121 aequitatem,
658 2027 846 2095 candorem
878 2039 912 2095 et
944 2025 1101 2096 veritatis
1150 2028 1312 2100 nitantur
1333 2029 1478 2109 exitium
1504 2044 1539 2100 et
1561 2028 1728 2100 Ecclesiis
1752 2047 1785 2102 et
1815 2058 1932 2104 earum
1965 2032 2145 2129 hospiciis,

102 2155 272 2202 amorem.
325 2129 437 2220 Spero
452 2129 578 2219 igitur,
604 2127 680 2198 eius
695 2127 982 2197 coniunctionem
1005 2142 1040 2198 et
1062 2127 1099 2196 in
1151 2146 1184 2201 ct
1200 2133 1403 2222 extinguere
1420 2133 1588 2202 noticiam
1605 2131 1673 2203 Dei
1698 2135 1734 2204 in
1756 2137 1858 2206 terris
1882 2152 1917 2207 et
1941 2139 2055 2208 lucem
2079 2141 2145 2209 do-

103 2235 242 2324 privata
260 2231 334 2301 vita
351 2255 492 2306 suavem
512 2245 547 2301 et
563 2230 601 2298 in
619 2231 800 2322 republica
816 2229 940 2300 utilem
964 2231 1041 2300 lore
1059 2223 1100 2326 ⁸).
1150 2233 1344 2304 ctrinarum
1363 2249 1556 2306 conantur:
1584 2250 1720 2320 tamen,
1746 2261 1825 2306 curn
1843 2240 2005 2322 sciamus,
2031 2240 2144 2310 filiurn

101 2333 249 2408 Talium
275 2334 472 2404 amicorum
496 2331 737 2403 familiaritate
761 2332 870 2400 lenito
887 2327 927 2432 ²)
955 2333 1098 2402 moesti·
1148 2333 1216 2404 Dei
1234 2339 1413 2406 custodem
1429 2361 1501 2406 esse
1518 2335 1695 2408 Ecclesiae
1718 2363 1818 2422 suae,
1841 2355 1875 2410 et
1898 2336 1965 2412 hdo
1987 2342 2144 2414 officium

100 2439 212 2522 ciam,
238 2461 307 2532 qua
326 2450 471 2529 propter
493 2435 655 2526 publicos
674 2448 793 2504 motus
818 2433 984 2516 afficeris,
1011 2459 1100 2528 quos
1150 2438 1287 2507 anobis
1309 2433 1522 2534 poscere*),
1538 2433 1587 2510 ¹ut
1609 2464 1811 2532 speremus,
1837 2469 1917 2512 eum
1940 2447 2044 2516 nobis
2066 2445 2145 2536 opi-

98 2539 227 2636 siquis
248 2539 334 2609 solis
355 2532 542 2616 hominum
569 2537 726 2607 consiliis
748 2549 809 2606 aut
829 2532 1101 2632 μεμψιμορίαις
1148 2539 1344 2609 tulaturum
1362 2563 1434 2616 esse
1451 2542 1555 2610 etiam
1573 2567 1652 2610 curn
1669 2545 1799 2614 desunt
1814 2541 1969 2618 humana
1986 2547 2146 2632 consilia,

99 2645 173 2734 regi
194 2635 301 2738 aut⁸)
324 2640 440 2710 sedari
462 2653 562 2732 posse
586 2639 808 2723 existimant,
838 2663 905 2708 nae
928 2638 983 2709 illi
1002 2639 1098 2708 mul·
1149 2641 1322 2732 erigamus
1347 2664 1430 2723 nos,
1458 2657 1492 2713 ct
1515 2645 1561 2712 ab
1584 2643 1660 2735 ipso
1684 2646 1855 2716 arixilium
1880 2671 2078 2740 speremus,
2111 2664 2145 2720 et

99 2759 174 2816 tum
196 2743 268 2816 sibi
297 2755 454 2816 sumunt.
508 2739 590 2811 Non
615 2743 751 2813 deseret
769 2738 867 2810 Deus
891 2739 1097 2822 Ecclesiam,
1147 2738 1214 2812 hac
1238 2767 1298 2835 spe
1324 2743 1361 2812 in
1388 2769 1428 2812 eo
1452 2747 1715 2838 acquiescamus
1740 2761 1774 2816 et
1790 2752 2022 2821 moderemini
2041 2743 2147 2822 dolo-¹

100 2849 129 2918 si
143 2869 248 2918 verae
265 2845 449 2916 doctrinae
463 2845 582 2916 studia
598 2857 633 2914 et
648 2841 910 2914 invocationem
936 2867 1011 2914 non
1035 2846 1098 2916 ab·
1149 2869 1235 2919 rem.
1301 2845 1413 2938 Saepe
1442 2862 1577 2933 servata
1607 2861 1657 2917 est
1681 2845 1856 2935 Ecclesia,
1894 2877 1974 2923 cnm
1999 2879 2145 2946 prorsus

101 2951 274 3023 iiciemus.
326 2945 425 3018 Bene
441 2949 530 3018 vale.
1149 2949 1315 3018 omnibus
1336 2942 1503 3018 humanis
1526 2949 1667 3020 auxiliis
1691 2952 1856 3022 destituta
1873 2953 1950 3029 fuit.
2004 2953 2145 3026 Horum

791 3043 859 3123 Ph.
886 3045 940 3122 M.
1109 3104 1111 3113 1
1148 3064 1339 3120 eventuum
1357 3053 1572 3142 cogitatione
1585 3076 1681 3144 spem
1704 3055 1952 3126 confirmemus
1977 3073 2013 3131 et
2034 3083 2099 3132 nos
2123 3084 2144 3130 a
2198 3140 2202 3156 ‚

1148 3154 1271 3234 dolore
1291 3155 1519 3228 abducamus.
1571 3153 1668 3226 Haec
1690 3159 1733 3224 ad
1760 3153 1794 3227 le
1817 3153 1942 3250 scripsi
1967 3163 2025 3253 pia
2054 3187 2143 3256 qua·
2221 3189 2227 3196 ·
2346 3141 2350 3150 ¹

1147 3257 1228 3324 dam
1245 3259 1336 3327 dete
1351 3257 1428 3349 ipso
1446 3257 1688 3330 sollicitudine
1704 3272 1835 3337 motus.
1878 3257 1969 3344 Oro,
1994 3278 2035 3335 ut
2050 3261 2142 3334 hanc

100 3407 155 3481 No
183 3408 287 3482 3512
594 3441 608 3474 ,Ι
668 3399 1097 3495 (ὴοωῃῃωωθκῆἱῃῶ.)
1147 3361 1518 3477 commemorationem
1536 3362 1624 3432 botri
1641 3363 1814 3434 consulas.
1859 3359 1963 3452 ,Bene
1984 3382 2018 3438 et
2040 3368 2143 3441 loeli,

107 3461 298 3538 ὦ.
674 3509 1093 3546 Μ
1146 3475 1232 3530 Cllfll'
1250 3463 1340 3533 ville·

506 3546 587 3700 fn
626 3609 680 3698 Ν.

166 3793 187 3858 †
212 3787 249 3842 Ex
268 3786 428 3860 apographis
448 3787 475 3840 in
497 3787 560 3840 cod.
575 3785 687 3842 Monac·
713 3785 757 3840 90.
777 3785 830 3839 No.
842 3785 901 3840 Vll.
922 3805 949 3856 p.
961 3785 1012 3840 408
1023 3785 1050 3841 b.
1069 3796 1095 3840 et
1166 3840 1177 3858 ,

199 3859 262 3924 cod.
278 3857 442 3912 Menantifi.
464 3876 490 3940 p.
503 3853 591 3910 2t0b.
1145 3839 1344 3964 ῙἛΞΨ-Β.
1715 3855 1790 3948 (hoo
1805 3880 1883 3918 struo
1902 3875 1969 3922 ante
1984 3867 2138 3946 exilium.)

1705 3953 2138 4008 m

101 4013 279 4114 Epistola
304 4007 962 4112 ChrisloplaoroMeienburg
985 4037 1095 4111 prae·
1574 4041 1628 4127 N.
1656 4041 1708 4128 N·

100 4119 237 4219 scripta
253 4113 471 4216 adpotum,
493 4111 1093 4212 MichaelemMeienburg.
1662 4129 1667 4140 ‘

123 4247 136 4276 ,
205 4269 263 4288 Η
571 4267 578 4284 ·
805 4269 812 4284 ·
871 4265 874 4272 ¹
1020 4267 1028 4282 ·
1220 4209 1302 4282 'slis
1325 4209 1484 4281 apographis
1506 4211 1533 4264 in
1554 4213 1617 4266 cod.
1641 4214 1751 4270 Monac.
1772 4219 1814 4276 88.
1835 4221 1885 4277 No.
1901 4224 1947 4278 lv.
1968 4243 1995 4298 p.
2013 4227 2092 4283 llib.
2113 4240 2138 4284 et
2222 4189 2226 4208 1

101 4249 323 4340 (shanssrme
337 4281 452 4360 pater.
502 4265 579 4337 Etsr
596 4280 697 4338 motu
713 4269 937 4360 publicorum
954 4290 1094 4359 pencu-
1245 4283 1307 4338 coa.
1326 4281 1437 4334 Monac.
1452 4281 1495 4334 tto.
1516 4281 1568 4335 rto.
1582 4282 1637 4338 att.
1656 4305 1683 4356 p.
1699 4283 1761 4342 887.

41 4447 44 4452 ,
103 4368 241 4458 lor'um,
268 4395 359 4465 quae
379 4371 518 4441 assidue
534 4381 618 4440 sunt
634 4371 801 4470 omnibus
816 4371 864 4439 oh
879 4371 1001 4439 oculos
1017 4370 1093 4478 aql·
1799 4461 1806 4470 ι

101 4475 143 4546 de
169 4473 373 4558 excrucior,
398 4485 516 4543 tamen
540 4483 725 4567 postquam
744 4472 922 4556 intellexi,
945 4485 1092 4542 matrem
1580 4435 1632 4514 N·
1658 4439 1710 4520 N·

100 4602 213 4647 meam
243 4571 485 4646 charissimam
514 4575 711 4666 periculoso
740 4575 866 4644 morbo
887 4574 1095 4655 conflictari,
1144 4553 1187 4644 S.
1214 4571 1259 4646 D.
1311 4572 2013 4658 Dillicileestetiamhonisvlrlsinhac
2040 4603 2136 4664 tanta

102 4693 135 4749 et
149 4693 182 4752 te
201 4679 362 4748 maximis
381 4677 475 4746 curis
494 4677 667 4760 exerceri,
692 4677 805 4747 multo
821 4676 858 4747 in
877 4677 1011 4746 maiore
1030 4679 1094 4746 do·
1145 4677 1318 4766 moestitia
1336 4692 1555 4770 temporum,
1580 4683 1668 4752 etin
1685 4684 1932 4775 belloingeuti
1954 4691 1997 4758 de
2019 4693 2136 4764 civili-

102 4781 175 4852 lore
201 4803 276 4852 esse
301 4781 416 4876 coepi.
478 4777 569 4849 Nam
595 4793 740 4872 propter
763 4774 926 4882 στοργήν
949 4793 1095 4850 naturae
1146 4783 1210 4848 bus
1237 4781 1474 4866 ornamentis,
1516 4785 1561 4852 de
1590 4785 1723 4854 studiis
1754 4786 1936 4859 literarum
1969 4796 2135 4884 cogitare.
2248 4771 2253 4798 ⁸

106 4933 331 4946 ---—-
1145 4881 1213 4952 Sed
1242 4894 1362 4954 tamen
1384 4887 1577 4976 prudentes
1601 4889 1880 4958 consolationem
1907 4887 2016 4982 hatte,
2046 4923 2137 4992 qnae

134 5015 163 5082 2)
183 5013 252 5074 cod.
267 5015 346 5070 Mon.
363 5013 407 5070 aa.
424 5009 572 5086 astyages.
1145 4983 1318 5054 divinitus
1339 4985 1519 5077 proposita
1543 5001 1609 5070 est,
1636 5001 1754 5058 tenere
1768 4991 1917 5080 debent,
1940 4993 2134 5074 Ecclesiam

134 5101 530 5170 atcod.tvton.so.a‹tuua‚
1022 5119 1035 5132 =
1144 5083 1212 5154 Dei
1236 5086 1330 5161 inter
1358 5082 1443 5156 haee
1465 5089 1619 5178 pericula
1644 5113 1717 5159 non
1739 5091 1963 5166 interituram
1987 5125 2079 5190 esse,
2101 5120 2135 5179 et
2192 5105 2197 5114 “

133 5185 160 5253 4)
181 5183 251 5240 coa.
269 5184 349 5240 Mon.
363 5185 406 5246 9⁰·
424 5187 533 5244 noctua.
1144 5183 1210 5258 hac
1235 5210 1313 5280 spe,
1349 5175 1522 5282 quantum
1546 5190 1621 5260 fieri
1643 5205 1773 5284 potest,
1812 5199 1929 5269 studia
1951 5201 2132 5286 literarum

134 5273 161 5338 5)
180 5271 249 5330 coa.
265 5273 344 5328 Mon.
359 5273 402 5330 88.
419 5272 564 5328 adeallid.
582 5304 618 5316 -
635 5277 675 5328 ud
689 5271 829 5328 iustitiam.
1144 5292 1275 5368 menda
1297 5303 1331 5360 et
1353 5291 1507 5366 iuvanda
1529 5315 1612 5374 esse·
1664 5294 1813 5388 Semper
1835 5300 1931 5372 enim
1945 5301 2123 5384 Ecclesiae

134 5361 160 5428 6)
180 5358 336 5428 Speroetc.
350 5378 405 5414 non
419 5358 497 5414 habet
512 5359 574 5416 eod.
589 5359 668 5414 Mon.
685 5359 727 5414 88.
2124 5367 2133 5396 ’

133 5445 159 5512 7)
180 5443 252 5499 cod.
266 5443 346 5498 Mon·
361 5443 405 5498 88.
425 5446 522 5498 lentie.
1628 5505 1634 5518 Ι

135 5529 162 5598 8)
180 5529 243 5596 regi
252 5537 303 5580 aut
316 5527 413 5582 absunt
428 5546 442 5581 a
458 5527 520 5584 cod.
533 5527 612 5583 Mon.
628 5527 671 5584 88.
839 5561 843 5572 ·
1175 5527 1204 5597 *l
1224 5527 1293 5584 Cod.
1308 5529 1387 5588 Mon.
1401 5527 1445 5584 66.
1462 5539 1568 5596 petere.
1746 5511 1755 5538 ⁸

1152 5641 1159 5658 ι
1256 5601 1338 5676 18·
