4776 6256
82 403 152 477 829
649 392 1088 474 EPISTOLARUM
1138 390 1247 472 utta
1275 391 1339 472 xt.
1391 389 1525 472 tots.
2052 397 2130 470 85⁰

85 562 220 661 ceat'),
243 581 276 640 et
293 569 331 638 in
346 591 384 638 ea
399 570 489 640 urbe
509 591 633 639 rursus
648 565 865 639 Graecarum
890 569 1075 639 literarum
1127 577 1225 635 catus
1240 578 1308 651 cst,
1334 590 1406 660 quo
1430 567 1636 638 testimonio
1650 569 1806 640 ostendit
1827 567 1920 642 filius
1933 569 2002 642 Dei
2023 593 2124 642 suam

85 673 196 744 studia
231 671 417 757 exuscitet,
447 672 510 742 ubi
538 671 692 762 primum
724 670 763 738 in
789 665 844 738 his
871 672 1075 760 regionibus
1126 668 1325 739 doctrinam
1343 692 1461 739 veram
1476 693 1560 740 esse.

85 767 325 846 Masclianae
338 774 472 874 docuit.
522 767 569 844 Et
586 774 719 863 ipsead
740 795 803 841 vos
821 773 992 862 proficisci
1014 796 1076 840 cu·
1180 782 1183 802 ¹
1229 768 1350 860 Quare
1390 771 1465 842 eius
1505 764 1803 864 promissionibus
1843 795 1909 843 nos
1948 786 2124 846 sustente-

38 896 42 906 ·
83 877 145 970 pu.
171 873 239 946 Sed
257 874 349 965 patri
368 878 465 967 prius
479 875 710 944 indicandum
728 873 797 943 suit
814 887 974 944 nostrum
990 896 1076 942 con·
1124 892 1216 946 mus.

83 975 229 1050 silium'
262 969 298 1045 Ο
314 1001 387 1049 rem
403 976 590 1048 miseram!
629 975 835 1049 irascuntur
850 975 954 1047 amici
982 977 1076 1065 opti·
1636 985 1826 1085 Philippu,
1843 985 2075 1067 Mamm,

83 1103 137 1148 me
157 1077 360 1148 volentibus
382 1077 561 1149 Ecclesiae
585 1093 621 1150 et
644 1078 748 1168 ipsis,
781 1080 877 1171 quod
900 1071 1075 1146 Ecclesiae

83 1183 120 1250 in
137 1174 381 1250 hislocisnon
396 1180 602 1254 deserimus.
651 1177 865 1272 Epectamue
888 1181 997 1268 igitur
1018 1177 1075 1248 vel

75 1283 196 1376 ⁴ipsum
211 1275 386 1352 Manium
410 1282 607 1366 iuniorem,
630 1284 686 1352 vel
700 1283 828 1356 literas.
881 1281 920 1353 Si
943 1283 1075 1351 retine-
1168 1289 1172 1297 '

81 1387 177 1455 bitur
189 1377 368 1468 Menios,
383 1385 563 1454 mittemus
577 1383 686 1454 alium
698 1383 779 1454 Deo·
791 1383 953 1468 iuvante,
970 1384 1074 1452 etiam
1123 1373 1191 1444 No.
1204 1372 1318 1452 4177.
1968 1387 2024 1451 17.
2035 1381 2124 1444 Mut-

81 1487 263 1559 idoneum.
314 1484 423 1556 Mino
438 1485 504 1556 tibi
519 1486 691 1576 pagellas,
715 1501 820 1580 teque
839 1509 919 1570 oro,
946 1499 986 1556 ut
999 1509 1075 1554 sae-
1131 1472 1303 1516 ’Ν
1953 1471 2124 1500 ‘⁶⁹⁸‘

82 1612 125 1680 pe
142 1589 184 1657 ad
212 1611 277 1658 nos
297 1589 439 1661 scribas.
464 1589 555 1656 bene
574 1600 608 1658 et
623 1589 773 1660 feliciter
790 1588 878 1659 vale.
928 1583 996 1656 Die
1016 1587 1074 1660 17.
1330 1574 1566 1659 Testimon.
1600 1570 1739 1658 Gotho
1770 1574 1940 1664 deeum.

81 1689 226 1775 Martii,
249 1713 320 1782 quo
338 1703 420 1760 ante
441 1711 555 1760 annos
575 1685 672 1762 1514
692 1716 733 1762 ex
754 1701 869 1758 morte
892 1700 1075 1759 revocatus
1193 1734 1218 1803 '5
1238 1731 1275 1785 E,
1290 1733 1457 1805 autographo
1473 1733 1511 1802 ρ)
1532 1734 1561 1787 ,n
1582 1734 1643 1788 cod.
1657 1733 1774 1805 ouem·
1785 1735 1829 1789 ῃ·
1844 1737 1870 1790 4·
1890 1733 1942 1790 Μ.
1957 1733 2043 1790 dm,
2063 1742 2123 1787 tn

80 1805 131 1863 est
153 1791 193 1860 in
218 1791 325 1862 vitam
352 1791 519 1874 Lazarus,
545 1816 616 1885 quo
643 1791 845 1863 testimonio
867 1790 1078 1874 confirmati,
1226 1798 1513 1859 sumnonem.
1535 1829 1571 1842 -
1607 1803 1720 1858 mutan
1738 1803 1896 1876 apographa
1914 1802 2024 1862 inest.
2085 1803 2124 1860 u.
2197 1827 2201 1834 ·

82 1909 175 1965 certo
191 1893 344 1962 sciamus
360 1893 612 1984 promissiones
628 1890 712 1964 Filii
731 1891 800 1967 Dei
815 1916 914 1964 veras
929 1917 1002 1962 esse
1009 1943 1022 1977 ,
1042 1906 1076 1961 et
1225 1868 1269 1930 ¹⁹·
1285 1893 1312 1944 Ρ·
1326 1871 1390 1930 ¹⁹b·
1402 1881 1427 1926 ‘¹
1442 1872 1504 1927 ⁰⁰⁶·
1520 1873 1633 1930 Monac.
1647 1874 1689 1928 ⁸⁹·
1705 1893 1732 1946 Ρ·
1744 1875 1815 1932 ⁴²¹³·

77 1995 253 2066 auxilium
269 2009 500 2087 expectemus
1125 2015 1304 2091 Decnnns
1320 2019 1469 2114 collegii
1481 2014 1734 2118 philosophici
1748 2021 1787 2092 in
1804 2020 2007 2095 Academia
2023 2023 2125 2098 Wi-

1127 2121 1346 2219 tehergensi,
1372 2118 1465 2192 Phi
1471 2120 1628 2219 lippus
1650 2120 1941 2198 Melemthon
1963 2125 2125 2199 salntem

1283 2220 1371 2295 dicit
1388 2223 1559 2297 erunibus
1574 2224 1721 2296 lecturis
1735 2221 1807 2298 hos
1825 2225 1966 2306 literas.
2124 2245 2129 2257 “

1124 2333 1296 2445 Semper,
1313 2357 1433 2449 inquit
1451 2355 1634 2442 irenaeus,
1650 2361 1764 2430 adfuit
1781 2361 1874 2432 filius
1884 2359 1952 2432 Dei
1965 2357 2127 2435 hnmano

1126 2457 1266 2542 generi,
1285 2458 1448 2527 videlicet
1463 2455 1640 2528 Ecclesiae
1656 2484 1749 2534 suae.
1802 2461 1918 2557 Hic¹)
1931 2467 1968 2534 in
1985 2466 2124 2535 diluvio

328 2662 339 2674 -
429 2618 494 2703 ιο.
524 2613 791 2729 sugas·
1127 2560 1795 2752 {attuleruut:sanat
1811 2569 2125 2762 ‘causatur

153 2779 244 2838 Dana.
258 2795 319 2850 epp.
335 2775 368 2832 nt
382 2773 476 2847 stiget.
490 2793 534 2846 ep.
547 2776 594 2831 25.
606 2772 675 2830 cod.
690 2741 775 2829 Gitb.
790 2772 848 2827 tte.
862 2789 907 2844 ep.
920 2771 964 2828 94.
1126 2775 1252 2832 nautas
1273 2787 1372 2847 suos,
1406 2763 1443 2830 in
1466 2764 1573 2832 undis
1598 2764 1688 2833 rexit
1715 2779 1749 2834 et
1776 2770 1940 2841 servavit.
1999 2767 2123 2860 ttic²)

77 2420 279 2496 Nattae.
829 2379 835 2392 ¹
917 2422 1073 2491 tanna.

82 2517 258 2549 m
946 2516 1076 2541 Μ’

188 2931 197 2950 ,
242 2927 250 2948 ,
354 2927 362 2945 .
545 2925 584 2946 ,.
741 2926 749 2942 .
1061 2925 1069 2942 ,
1127 2865 1282 2934 servabit
1302 2888 1400 2934 nunc
1420 2888 1561 2957 quoque
1586 2889 1686 2934 suam
1705 2864 1823 2956 Argo,
1849 2867 2045 2942 Ecclesiam
2066 2875 2124 2941 vi.

77 2925 309 3003 Clausum
323 2953 421 3016 Μ’
444 2924 647 3000 ”mmmm
663 2935 695 2998 ‘l
712 2936 841 2998 ΜΨ
853 2934 1078 3024 '’mmm‘’
1128 2967 1255 3036 delicet
1270 2990 1392 3052 suam,
1415 2989 1506 3060 quae
1528 2980 1644 3037 custos
1661 2982 1713 3039 est
1727 2970 1909 3041 doctrinae
1925 2965 2124 3066 Evangelii,

76 3030 131 3110 D·
150 3030 332 3104 ῙΜΜῘ
351 3027 579 3156 ζςιίὸθιῑῑθν
603 3035 659 3125 τῷ
682 3032 763 3148 θεῷ
775 3026 840 3103 καὶ
862 3031 943 3111 ταῖς
957 3022 1077 3103 Μού“
1128 3082 1162 3139 et
1184 3092 1266 3137 vere
1290 3069 1430 3139 invocat
1455 3065 1590 3154 Deum,
1622 3072 1784 3163 quamvis
1814 3075 1952 3144 duriter
1979 3100 2121 3170 quassa-

224 3157 305 3216 0‘2‘9
318 3139 426 3231 praep,
453 3155 573 3203 ⁰m¹⁶⁰
586 3154 656 3203 ⁸¹¹⁰
672 3155 801 3207 wrm·
828 3128 868 3202 S·
881 3128 935 3206 D·
1126 3166 1242 3262 tam³)
1259 3171 1352 3240 inter
1369 3169 1540 3240 tumultus
1562 3171 1805 3262 imperiorum.
1856 3173 1948 3247 Cum
1964 3179 2073 3269 igitur
2089 3194 2123 3251 et

75 3269 259 3372 Semper,
285 3279 402 3372 inquit
419 3274 604 3364 lrenaeus‚
629 3277 852 3348 adsuituttus
865 3275 933 3346 Dei
957 3278 1078 3366 generi
1128 3274 1342 3364 praeceperit
1355 3270 1469 3357 Dens,
1495 3284 1535 3342 ut
1559 3273 1741 3345 literarum
1762 3278 1879 3346 studia
1902 3277 2122 3373 colantur‘)‚

72 3381 261 3468 humano,
285 3378 463 3452 Ecclesiae
477 3381 640 3451 videlicet
655 3404 747 3450 suae.
799 3377 921 3449 Hicin
938 3382 1075 3450 diluvio
1126 3387 1161 3444 et
1176 3375 1395 3466 promiserit,
1419 3399 1454 3442 se
1478 3379 1658 3444 custodem
1682 3392 1716 3447 et
1737 3394 1952 3451 servatorem
1974 3384 2048 3452 lore
2064 3385 2123 3452 di-

70 3490 206 3556 sedens
231 3487 275 3552 ad
296 3485 574 3572 gubernaculum
600 3485 638 3552 in
653 3481 765 3566 Arca,
790 3478 1014 3573 Argonautas
1032 3484 1076 3551 it·
1098 3503 1102 3574 p
1125 3477 1319 3560 scentiam,
1345 3478 1629 3568 obtemperemus
1655 3480 1831 3550 voluntati
1853 3481 1921 3552 Dei
1934 3496 1982 3568 ,et
2008 3486 2053 3555 ab
2080 3510 2121 3555 eo

71 3591 128 3658 los
154 3606 242 3654 suos
264 3597 379 3652 totum
413 3607 546 3652 annum
569 3583 663 3653 inter
685 3585 811 3653 ssuctus
836 3585 1077 3669 circumvexit,
1098 3603 1102 3682 ¹
1125 3581 1297 3649 auxilinm
1320 3579 1907 3679 etdefensionemexpectemus⁵).
1957 3585 2017 3657 Sic
2040 3612 2121 3656 curn

65 3703 109 3760 ut
128 3684 277 3772 exiguas
295 3678 473 3752 Ecclesiae
490 3705 572 3752 suae
586 3682 754 3774 reliquias
770 3697 935 3754 servaret.
976 3682 1075 3752 ldeur
1098 3683 1102 3729 ¹
1126 3678 1318 3748 sentiamus
1344 3681 1516 3748 mediocri
1539 3681 1657 3750 studio
1675 3682 1823 3752 facimus
1839 3708 1963 3775 operas
1981 3682 2119 3759 theolo-

70 3812 177 3860 uunc
195 3807 337 3878 quoque
350 3783 505 3854 servabit
519 3805 616 3852 suam
630 3779 746 3871 Argo,
761 3807 867 3874 quam
882 3785 1027 3875 quidem
1043 3797 1077 3854 et
1098 3856 1101 3885 Ι
1125 3775 1276 3872 gicas⁰).
1325 3777 1416 3848 Cum
1439 3778 1549 3868 igitur
1565 3804 1605 3847 ex
1627 3781 1756 3877 inclyta
1773 3781 1963 3856 Academia
1980 3785 2121 3882 Lipsica

69 3889 239 3963 humeris
255 3886 327 3956 suis
342 3886 520 3976 imponet,
545 3898 585 3953 ut
598 3884 651 3953 itti
670 3883 818 3968 Graeci,
844 3888 977 3954 eumad
989 3886 1076 3980 Syr·
1127 3877 1196 3949 huc
1218 3879 1369 3949 venisset
1392 3874 1563 3949 Thomas
1584 3872 1751 3970 Gothus,
1782 3883 2050 3975 Northusanus,
2084 3908 2118 3959 et

69 4013 124 4067 tes
149 3989 344 4060 venisseut.
398 3985 525 4070 Vides,
553 3986 592 4054 in
611 4009 698 4080 quas
713 3983 836 4081 Syrtes
857 3986 990 4080 ubique
1005 3985 1076 4057 Ee·
1125 3981 1244 4051 literas
1267 3977 1500 4069 exhibuisset,
1534 4006 1624 4078 quae
1648 3987 1888 4074 testabantur,
1913 4014 1994 4061 enm
2014 3993 2121 4062 bouis

69 4095 185 4166 clesiu
213 4090 373 4182 pellatur.
425 4087 467 4159 ln
484 4086 627 4179 Belgica
651 4110 772 4157 recens
794 4101 954 4160 matrona
969 4089 1076 4158 nobi·
1124 4085 1285 4153 moribus
1308 4085 1506 4176 praeditum
1532 4110 1623 4168 esse,
1648 4099 1681 4156 et
1706 4104 1842 4179 peteret
1862 4095 2029 4182 gradum,
2055 4095 2117 4189 qni

70 4200 137 4282 lis,
175 4197 283 4264 victua
307 4193 464 4276 cernitis,
491 4206 525 4262 et
548 4189 892 4275 uuicuseiusliiiue,
917 4214 1076 4280 egressus
1124 4184 1333 4256 attribuitur
1366 4188 1666 4268 adolescentibus,
1705 4191 1767 4282 qui
1794 4189 2060 4268 Grammaticen
2086 4217 2118 4268 et

70 4297 373 4375 adulescentiam,
391 4291 556 4364 decollati
575 4307 676 4376 sunt,
693 4307 875 4384 propterea
890 4291 1076 4385 quudAn·
1124 4289 1331 4359 dialecticen
1356 4302 1390 4359 et
1414 4288 1586 4359 elementa
1611 4293 1784 4383 quaedam
1802 4289 2048 4391 philosophiae
2061 4301 2117 4367 di-

71 4402 311 4473 tonianurnm
325 4393 524 4492 καπηλείας
540 4395 734 4464 uoluerunt
752 4395 949 4469 admittere.
999 4392 1075 4464 Ex·
1124 4390 1305 4476 dicerunt,
1331 4405 1366 4462 et
1389 4388 1536 4462 aBucea
1550 4389 1644 4461 lauri
1661 4416 1789 4465 nomeu
1809 4389 1931 4484 babet,
1956 4400 2118 4492 explora-

70 4519 261 4595 pectamus
282 4513 315 4569 et
338 4523 402 4567 uos
426 4522 518 4567 nova
540 4496 664 4579 exilia,
690 4520 780 4589 quae
795 4499 968 4587 gubernet
980 4498 1075 4569 filius
1123 4493 1240 4563 vimus
1254 4494 1330 4563 eius
1346 4493 1606 4580 eruditionem,
1628 4519 1667 4564 ac
1683 4498 1937 4588 comperimus,
1960 4526 2040 4572 eum
2063 4504 2116 4572 la·

68 4603 153 4676 Dei.
215 4601 404 4690 Negotium
431 4617 552 4684 tuum,
578 4597 777 4680 etviduac,
802 4599 990 4690 diligenter
1011 4624 1074 4672 cu·
1124 4595 1234 4664 tirtam
1259 4596 1417 4685 lingnam
1441 4597 1598 4666 studiose
1622 4597 1805 4684 didicisse,
1830 4616 1965 4673 etcum
1988 4618 2114 4674 natura

66 4709 254 4787 rabimus‚
280 4702 412 4771 Pardus
433 4714 466 4771 ct
483 4726 556 4792 ego.
607 4693 760 4770 Paulus
776 4701 844 4769 iam
867 4704 940 4772 edit
960 4699 1074 4774 bisto-
1123 4699 1167 4765 ed
1190 4696 1393 4766 facundiam
1418 4697 1586 4768 idoneum
1613 4723 1702 4780 esee,
1730 4713 1804 4770 turn
1828 4727 1912 4774 vero
1935 4705 1982 4783 ita
1998 4708 2117 4777 exerti-

65 4811 161 4880 riam
178 4830 200 4876 a
217 4802 335 4876 reditu
349 4800 544 4898 Babylonis
559 4805 728 4894 usquead
745 4803 919 4874 excidium
939 4802 1073 4875 leroso-
1109 4791 1196 4868 ¹tum
1222 4801 1405 4886 doctriua,
1429 4813 1468 4872 ul
1492 4812 1585 4872 recle
1606 4800 1717 4870 latine
1739 4801 1917 4897 loquatur.
1968 4802 2016 4882 Et
2042 4833 2115 4878 nun

66 4913 214 5006 lymae,
239 4907 377 4976 erudite
391 4917 606 4990 contextam,
632 4929 738 4996 quam
760 4906 857 4973 brevi
874 4907 976 4977 vobis
989 4908 1073 4976 tuit·
1124 4965 1345 4983 ...-

64 5027 154 5087 tam.
192 5007 359 5078 Nostram
375 5005 584 5091 amicitiam,
608 5005 1071 5098 ubicunqueerirnus,volo
1467 5075 1475 5088 ,

65 5130 255 5187 aeternam
279 5113 362 5180 e'see.
420 5101 520 5178 Bene
539 5107 638 5192 vale,
663 5107 722 5177 die
747 5108 807 5178 17.
829 5104 975 5197 Martii,
999 5135 1070 5204 quo
1154 5078 1188 5226 3
1203 5073 1273 5213 (33·
1286 5072 1375 5212 ἓξὲξ
1384 5071 1529 5212 ’ἔω

61 5230 150 5290 ante
175 5233 294 5284 annue
310 5205 642 5302 Ι1514ΙιιίῑιίιἺηιθι
657 5222 772 5302 morte
787 5210 825 5307 itt
843 5211 952 5285 vllam
968 5237 1072 5283 revo-
1154 5244 1187 5315 3)
1208 5197 1281 5300 cog..
1295 5243 1378 5300 osu.
1393 5197 1556 5309 quimus,

65 5399 295 5421 Μ
1154 5331 1187 5390 d)
1203 5331 1277 5386 (iod.
1290 5328 1375 5386 Goth.
1387 5333 1526 5386 colemus.

1154 5419 1182 5489 5)
1203 5416 1273 5470 cod.
1290 5414 1372 5470 Goth.
1385 5425 1518 5482 petemus
1529 5422 1559 5468 et
1570 5425 1760 5484 expectemus.
1779 5449 1815 5462 -
1846 5419 1896 5477 Eia
1910 5419 2004 5483 verbi.
2015 5421 2114 5477 auide

96 5513 125 5582 0)
146 5501 298 5560 necunde
314 5500 368 5558 troc
384 5497 509 5557 natm.
544 5495 606 5556 vid.
626 5485 671 5570 cpi
686 5483 901 5557 ewam
919 5498 1071 5560 ctum
1188 5485 1537 5557 mognptongouanuss.

135 5573 221 5634 Μ’
927 5625 931 5634 .
958 5624 963 5632 .
1154 5571 1184 5644 6)
1206 5569 1276 5628 Cod.
1290 5569 1615 5647 numennumen,
1633 5573 1734 5630 rectius
1747 5585 1778 5632 ut
1793 5575 1912 5634 ridetur.
