4744 6254
55 367 126 448 stt
628 362 1069 448 uets'rotauttn

57 557 148 614 torae
175 540 373 612 consilium.
420 533 792 635 npoliqiovlevpe‘vov
821 537 860 614 ir
893 531 1046 632 τοιαύτῃ

58 641 211 740 ἄναρχια
225 639 288 714 καὶ
303 635 500 740 συγχύσει,
528 635 641 714 οὐδὲν
657 640 754 733 ἔχειν
772 637 889 724 dordr
904 637 987 715 οἷον
1007 639 1050 712 re'

58 747 139 820 ἐστι.
164 745 294 818 Fatalis
311 745 421 834 igitur
436 745 619 814 conversio
634 747 849 835 expectanda
866 759 927 816 est.
946 742 1047 813 Beue

58 851 128 920 vale
145 861 178 918 et
196 847 359 919 rescribe.
410 842 479 915 Die
500 845 558 916 10.
580 844 681 916 Maii.

69 1035 281 1050 ffl-

57 1143 117 1218 No.
134 1144 248 1220 5872.

62 1241 228 1272 m

735 1145 1049 1232 10.Maii(Bruusv.)
1079 1182 1082 1191 ·

752 1243 1032 1278 “a

348 1302 402 1392 N.
428 1299 754 1388 Buscodieensi.

118 1459 197 1518 Edita
208 1483 224 1518 a
237 1462 344 1520 Perelio
358 1465 387 1520 iu
401 1465 485 1538 Epist.
498 1467 565 1523 Mel.
581 1467 615 1522 ad
627 1465 812 1536 ilardeuberg.
824 1463 904 1536 epist.
917 1459 961 1517 50.

220 1618 276 1698 D.
300 1617 503 1698 Nicoloo
526 1619 876 1696 Buscodicensi.

60 1749 96 1839 S.
118 1769 160 1841 D.
211 1771 401 1846 Carissime
422 1774 468 1848 D.
484 1773 642 1846 Nicolae.
692 1775 776 1846 Non
799 1799 877 1844 sum
899 1771 1050 1857 Stoicus,

46 1887 89 1966 ,et
107 1875 289 1968 aliquanto
313 1877 441 1948 fortius
458 1903 538 1948 cum
553 1877 672 1948 Stoica
692 1889 783 1947 secta
802 1875 935 1946 bellum
954 1899 1050 1964 gero,

61 2001 155 2068 quam
178 1981 294 2049 nostri
309 1979 427 2050 Duces
440 1985 485 2050 ad
505 1979 712 2050 Danubium
726 1991 762 2048 et
775 1976 898 2048 Albim
917 1979 1048 2050 bellum

61 2093 241 2164 gessemnt.
281 2078 402 2170 Quare
418 2107 493 2151 nou
509 2081 609 2152 fatali
625 2081 830 2152 necessitate
846 2103 913 2150 nos
930 2080 969 2147 in
986 2075 1050 2148 has

62 2181 208 2252 miserias
240 2182 406 2252 incidisse
437 2183 573 2254 iudico:
608 2184 667 2252 sed
700 2181 805 2275 plecti
834 2205 899 2250 nos
924 2194 1050 2264 statuo,

62 2295 192 2374 propter
216 2283 328 2356 multa
352 2276 504 2358 ἑκούσια
526 2285 664 2356 delicta.
721 2281 961 2354 Cumularunt
982 2283 1051 2354 sibi

62 2385 203 2474 pericula
221 2385 335 2457 nostri
350 2386 527 2480 principes
541 2385 640 2476 longi
656 2385 824 2478 temporis
837 2391 1052 2482 πολυπραγ-

63 2481 215 2582 μοσύνῃ,
256 2501 290 2558 et
315 2502 489 2561 auxerunt
509 2488 591 2558 odia
613 2488 725 2557 multa
750 2511 825 2556 uon
847 2487 1052 2558 necessariis

63 2583 245 2684 θορύβοις.
296 2588 398 2663 Nacti
410 2592 519 2681 igitur
533 2590 753 2660 occasionem
770 2589 920 2676 inimici,
944 2587 1051 2658 simul

64 2704 92 2760 ct
110 2693 199 2784 ipsos
227 2705 263 2762 et
287 2693 470 2764 veritatem
493 2691 692 2784 opprimere
717 2703 904 2762 conantur.
960 2687 1049 2760 Nam

64 2807 131 2883 post
157 2789 227 2864 hoc
256 2794 390 2865 bellum
412 2807 605 2887 sequautur
631 2794 761 2879 edicta,
793 2805 835 2864 ut
859 2790 996 2888 Synodi
1013 2785 1051 2886 *)

65 2897 245 2966 sententiae
271 2898 508 2988 recipiantur3
545 2909 580 2966 et
603 2895 715 2988 aliqui
737 2895 919 2987 recipient.
977 2890 1052 2962 Nec

65 2995 148 3066 nulla
163 3011 249 3066 sunt
263 3011 403 3088 peccata
419 2997 543 3090 populi
561 3012 596 3068 et
611 2995 833 3082 docentium,
859 3017 949 3091 quae
969 2995 1053 3066 irrt·

65 3109 169 3170 tarunt
188 3099 282 3168 iram
298 3096 375 3174 Dei.
428 3098 548 3189 Quare
570 3099 665 3168 veris
688 3099 877 3190 gemitibus
893 3111 1052 3187 petamus

65 3220 81 3266 a
94 3195 162 3268 Deo
176 3199 337 3284 veniam,
366 3213 401 3272 et
416 3200 674 3292 mitigationem
690 3201 911 3294 publicarum
928 3213 962 3270 et
977 3223 1051 3289 prr-

65 3314 208 3372 vatarum
232 3325 495 3378 aerumnarum.
545 3301 698 3396 Hispani
725 3303 855 3373 milites
875 3299 1053 3372 Ecclesia-

65 3423 131 3470 rum
146 3417 304 3494 pastores
320 3404 573 3478 iuterfecerunt
589 3405 627 3476 in
642 3404 772 3478 vicinia
785 3403 1053 3494 Wittebergae:

67 3515 94 3570 ct
114 3504 147 3574 iu
168 3501 227 3574 his
243 3520 404 3578 sanctum
416 3531 538 3579 senem
554 3521 728 3598 pastorem
741 3503 921 3578 Ecclesiae
934 3501 1053 3576 Κινη-

65 3597 258 3700 lergarsis,
284 3609 442 3700 primum
462 3610 629 3679 maritum
646 3599 723 3704 ”).
779 3607 852 3678 Nec
876 3632 961 3680 vero
984 3609 1053 3677 du-

64 3703 127 3778 bito
141 3706 258 3782 Deum
280 3711 458 3782 vindicem
475 3709 655 3800 sauguinis
670 3722 873 3814 spnctomm
889 3711 1052 3780 sacerdo-

65 3819 149 3896 tum,
187 3809 402 3905 puuiturum
434 3833 506 3881 esse
527 3809 770 3902 Hispanorum
798 3811 1052 3896 crudelitatem,

66 3923 94 3980 ct
111 3913 282 3984 iacturum
306 3913 573 3986 couversionem
594 3908 724 3982 horum
743 3912 962 3983 tumultuum
982 3911 1052 3979 mi-

66 4015 208 4085 randam.
261 4011 481 4085 Commendo
509 4015 576 4086 tibi
604 4009 670 4084 bos
691 4014 928 4083 adolescentes
947 4005 1053 4082 Tile-

67 4134 231 4184 monuum
246 4130 280 4188 et
294 4113 507 4190 Henricum.
550 4111 589 4186 T
589 4111 798 4184 ilemunnus
813 4115 956 4200 metuit,
975 4117 1053 4186 iore

1128 365 1237 444 ΗΒ.
1270 365 1318 444 ll.
1373 365 1504 442 1547.

1279 531 1631 638 Christopkoro
1657 535 1920 614 Pannonio.

2023 364 2100 444 538

1096 667 1140 759 S.
1165 685 1213 758 D.
1265 687 1416 782 Magnae
1445 683 1537 760 mibi
1559 691 1733 784 voluptati
1756 692 1824 763 fuit
1840 691 1977 786 aliquot
1993 689 2098 759 anuis

1098 792 1216 860 videre
1240 802 1311 860 tres
1331 793 1464 862 vicinas
1479 790 1689 862 Academias
1704 789 1748 886 ¹),
1781 793 1816 864 'et
1832 795 1876 863 de
1894 793 2015 862 divina
2030 793 2096 862 do-

1098 893 1209 964 ctrina
1231 907 1266 963 et
1284 895 1329 963 de
1344 893 1493 965 aliarum
1509 895 1638 966 artium
1655 895 1782 966 studiis
1797 919 1922 986 magua
1939 919 1979 964 ex
1997 907 2096 986 parta

1098 995 1375 1082 consentientes,
1405 1011 1456 1080 et,
1490 997 1588 1067 velut
1614 1021 1712 1088 apes,
1738 997 1874 1067 collatis
1899 996 2015 1088 operis
2035 1017 2095 1064 or-

1098 1120 1183 1164 nare
1207 1095 1421 1184 Ecclesiam,
1453 1112 1486 1168 et
1514 1121 1675 1187 maguam
1703 1097 1915 1169 Germaniae
1946 1111 2095 1190 partem.

1098 1195 1250 1292 Fuitque
1283 1200 1596 1284 iucundissimum,
1628 1200 1748 1270 videre
1776 1214 1828 1270 tot
1851 1201 1944 1270 inter
1966 1225 2020 1284 se,
2055 1197 2095 1266 iu

1098 1302 1267 1370 omuibus
1298 1299 1518 1387 Academiis,
1568 1297 1793 1374 cohaerentes
1827 1303 2028 1382 voluntates
2061 1314 2096 1371 ot

1097 1402 1239 1475 amicos.
1298 1399 1402 1472 Nunc
1425 1427 1509 1472 vero
1531 1404 1594 1472 etsi
1616 1403 1837 1489 divellimur,
1864 1417 1982 1473 tamen
2004 1402 2096 1471 ami-

1098 1505 1197 1574 citias
1223 1517 1360 1574 nostras
1382 1505 1463 1574 volo
1487 1519 1672 1596 perpetuas
1697 1529 1790 1586 csse,
1821 1505 1920 1598 quib.
1936 1505 2096 1574 fruemur

1098 1606 1136 1674 in
1151 1605 1222 1676 vita
1238 1607 1389 1680 coelesti.
1417 1605 1589 1676 Fortassis
1603 1622 1732 1690 autem,
1758 1620 1792 1677 et
1806 1606 1990 1700 aliquanto
2006 1617 2098 1697 post,

1098 1709 1226 1780 iterum
1249 1711 1294 1778 ad
1317 1711 1545 1781 concordiam
1573 1710 1749 1798 publicam
1770 1709 1930 1801 proderit
1947 1729 2097 1778 consen-

1098 1833 1157 1880 sus
1179 1811 1293 1880 nostri
1316 1811 1463 1882 ordiuir.
1517 1807 1613 1884 Deus
1639 1812 1734 1880 euim
1759 1812 1953 1904 aliquando
1975 1830 2096 1900 pacem

1099 1913 1279 1997 restituet,
1312 1937 1401 2006 quae
1423 1926 1456 1983 et
1480 1913 1616 1983 firmior
1639 1915 1725 1998 erit,
1751 1928 1785 1984 et
1804 1912 1944 1982 facilius
1959 1908 2098 1980 restitui

1099 2013 1247 2104 poterit,
1278 2014 1308 2082 si
1324 2011 1501 2084 Ecclesiae
1529 2015 1623 2084 idem
1653 2014 1834 2088 doctrinae
1859 2035 1968 2104 genus
1992 2033 2099 2080 sona-

1099 2117 1201 2188 bunt.
1240 2113 1340 2186 Tuae
1353 2137 1432 2204 erga
1447 2139 1503 2184 me
1515 2117 1782 2186 benevolentiae
1795 2115 2002 2184 memoriam
2015 2113 2100 2181 uul-

1100 2219 1134 2287 la
1155 2219 1320 2288 lortrrnae
1336 2217 1485 2301 iniuria,
1510 2219 1608 2286 nulla
1627 2231 1720 2288 aetas
1736 2218 1932 2306 extinguet,
1958 2239 1997 2284 ac
2013 2213 2100 2282 scri-

1100 2321 1182 2389 bam
1206 2319 1289 2399 tibi,
1317 2319 1593 2412 quotiescunque
1612 2322 1678 2389 erit
1696 2313 1868 2415 ἀφορμὴ,
1897 2317 2100 2408 ubicunque

1024 2487 1031 2502 ,
1102 2443 1175 2493 ero.
1226 2419 1330 2490 Nunc
1344 2417 1579 2510 Bruusvigam
1597 2424 1698 2507 veni,
1721 2447 1792 2514 quo
1810 2443 1885 2489 non
1903 2433 1999 2488 eram
2013 2440 2100 2512 pro-

1102 2523 1268 2606 iecturus,
1294 2524 1353 2590 sed
1372 2513 1537 2590 Lutheri
1549 2521 1676 2594 viduae
1693 2538 1728 2593 et
1742 2523 1896 2591 familiae
1912 2521 1964 2590 ibi
1979 2514 2102 2608 hospi-

1102 2624 1191 2693 tium
1218 2627 1460 2716 quaerendum
1480 2624 1560 2697 luit.
1613 2624 1770 2718 Inclytus
1793 2620 1956 2706 Elector,
1988 2615 2103 2689 Mor-

1103 2718 1205 2808 ctio,
1236 2727 1281 2794 ad
1308 2749 1366 2792 me
1391 2725 1584 2794 elementer
1605 2727 1764 2816 scripsit,
1799 2748 1868 2818 qua
1890 2724 1935 2792 de
1956 2746 1994 2792 re
2015 2722 2102 2790 alias

1103 2827 1291 2918 copiosius.
1340 2823 1439 2896 Bene
1456 2828 1547 2897 vale.
1591 2825 1636 2898 D.
1657 2824 1716 2903 15.
1733 2825 1836 2899 Maii.
1883 2823 1977 2896 Illud
1995 2824 2102 2894 etiam

1023 2994 1031 3009 ‚
1102 2930 1192 2998 scire
1211 2943 1246 2998 te
1267 2927 1369 3012 volo,
1400 2942 1564 3000 nostrum
1583 2927 1797 3001 Saxonicum
1812 2923 2013 2997 Electorem
2034 2948 2102 2994 na-

1103 3043 1179 3102 tum
1201 3053 1274 3100 esse
1301 3031 1358 3099 die
1380 3032 1505 3100 mortis
1520 3027 1716 3101 Alexandri
1733 3028 1860 3121 Magni
1881 3023 1986 3126 τρίτη
2005 3020 2102 3124 φθί-

1021 3199 1029 3215 .
1101 3157 1233 3214 νοντος
1247 3126 1408 3206 δαισίου.
1445 3133 1507 3204 28.
1521 3131 1601 3204 lun.

1604 3229 1794 3326 Philippus
1819 3228 2049 3306 Melanthon.

1102 3499 1170 3574 No·
1188 3499 1302 3578 8874.

1110 3597 1283 3626 w

1945 3509 2001 3578 15.
2018 3503 2105 3568 Maii.

1924 3595 2097 3626 w

1473 3653 1539 3736 10.
1563 3651 1735 3768 Longo.

1172 3807 1195 3880 †
1212 3809 1249 3866 tta
1262 3827 1359 3883 apogr.
1369 3811 1399 3866 in
1409 3809 1474 3866 cod.
1487 3811 1573 3868 Goth.
1585 3812 1648 3870 899.
1664 3832 1695 3885 p.
1708 3813 1768 3869 172.

1103 3959 1323 4038 Iohanni
1355 3961 1539 4065 Longo,
1590 3964 1663 4044 Tt.
1695 3966 1806 4046 Doct.
1838 3978 1871 4041 et
1905 3966 2009 4070 episc.
2035 3991 2104 4042 ecc.

1520 4066 1684 4170 Ersord.

67 4217 708 4306 utparenteseumavellantaliteris.
761 4214 841 4286 Tua
860 4216 970 4306 igitur
986 4241 1052 4286 au·
1102 4181 1145 4274 s·
1170 4200 1221 4288 D·
1270 4202 1330 4276 Sic
1347 4203 1739 4300 lssqttllNflzlatmssttst
1769 4197 1882 4278 οὐδὲν
1902 4200 2022 4286 οὕτως
2042 4200 2105 4280 εὖ·

67 4318 213 4390 storitate
240 4322 415 4413 perficies,
452 4333 494 4390 ut
517 4341 641 4389 narsus
666 4319 705 4388 in
732 4314 962 4388 Academiam
985 4317 1052 4388 ali·
1103 4301 1253 4404 φραίνει
1273 4301 1371 4401 ἡμᾶς
1393 4305 1547 4388 εἴωθεν.
1580 4301 1631 4392 “lt
1652 4302 1821 4390 συνειδὸς
1842 4301 2018 4402 καθαρὸν
2038 4302 2104 4380 καῖ

67 4439 159 4508 quam
186 4423 370 4508 mittatur,
401 4419 661 4494 lovaniensem
688 4433 750 4492 aut
772 4417 1052 4512 Heidelbergen-
1104 4403 1419 4508 iluidacdyot‘iui.
1469 4407 1548 4480 Hac
1564 4433 1631 4480 nos
1646 4411 1887 4480 consolatione
1902 4431 2103 4501 nuncque-

66 4537 146 4606 sem,
175 4525 239 4594 ubi
264 4517 441 4594 motetus
471 4523 591 4605 docet,
623 4536 657 4594 es
689 4522 850 4592 doctrina
874 4519 1053 4594 Ecclesiae
1103 4535 1174 4606 que
1198 4525 1443 4588 sustentemus.
1507 4508 1556 4581 At
1578 4536 1668 4603 quae
1692 4535 1789 4602 spes,
1823 4510 1940 4603 inquit
1962 4509 2103 4602 aliquis,

66 4635 147 4694 recte
162 4627 326 4703 traditur,
376 4619 1002 4702 Benev21010‚MaiiAnno1547,
1106 4613 1199 4706 pacis
1214 4635 1286 4682 esse
1305 4627 1428 4706 potest,
1453 4637 1533 4684 cum
1548 4613 1632 4683 belli
1649 4614 1810 4682 flammae
1828 4613 1925 4680 velut
1939 4610 2103 4682 incendia

1104 4715 1290 4808 paullatim
1307 4716 1414 4787 latius
1427 4713 1625 4806 vagentur?
1676 4713 1757 4784 Non
1775 4713 1929 4803 pendent
1945 4711 2049 4782 nobis
2064 4703 2103 4800 ⁰)

1103 4818 1150 4886 ab
1171 4811 1338 4886 humanis
1359 4817 1570 4888 coniecturis
1590 4817 1652 4885 sed
1674 4839 1694 4883 a
1720 4810 2014 4904 promissionibus
2035 4809 2103 4884 Dei

687 4937 745 5005 1⁵.
760 4933 837 5000 nau
862 4932 1027 5018 (Brona.)
1104 4917 1281 5004 immotis,
1303 4919 1366 5013 qui
1381 4933 1415 4988 et
1429 4917 1590 4990 condidit
1606 4913 1800 4987 Ecclesiam
1818 4927 1852 4984 et
1868 4913 2021 4988 restituit
2035 4937 2102 4983 au·

678 5025 1046 5112 ss‘vv
1104 5034 1159 5092 tea
1180 5020 1336 5113 lapsam,
1362 5045 1441 5092 cum
1466 5023 1510 5090 ad
1530 5019 1665 5110 primos
1680 5031 1842 5109 parentes
1856 5016 2042 5086 destitutos
2057 5015 2102 5086 ab

368 5083 470 5200 oph·
501 5087 737 5180 Pamm-
1104 5122 1270 5192 omnibus
1292 5123 1461 5193 creaturis
1476 5123 1574 5192 Deus
1594 5121 1667 5210 ipse
1686 5118 1838 5210 prodiit,
1863 5131 1898 5187 et
1911 5140 1971 5188 eos
1986 5141 2029 5191 ex
2045 5117 2103 5186 in·

152 5239 236 5314 Epist.
254 5241 303 5304 tta.
316 5247 351 5304 v.
366 5267 398 5322 ρ.
408 5247 531 5322 ωης.
1103 5223 1210 5296 teritu
1236 5225 1412 5294 revocavit
1427 5237 1460 5293 et
1477 5246 1579 5314 saepe
1593 5217 1661 5290 hoc
1676 5222 1784 5290 modo
1802 5219 1968 5312 deinceps
1983 5217 2104 5303 crexit,

65 5345 256 5372 ειη-ᾑ-
1114 5359 1334 5374 ——u—-n-q

92 5401 119 5468 ἦ
134 5405 316 5468 Tridentinae.
1138 5415 1165 5480 1)
1183 5409 1424 5485 Vitebergeusem,
1444 5411 1518 5484 Lipr.
1531 5421 1558 5468 et
1571 5409 1754 5468 francoford.

93 5469 137 5539 ”t
154 5477 200 5532 Est
215 5479 437 5537 Bartholomaeus
444 5477 615 5551 flambardi,
633 5479 657 5536 1¹⁸
658 5479 866 5548 eldlircbeusis,
883 5480 941 5538 vid.
955 5477 1019 5538 vot.
1029 5477 1051 5536 l.
1135 5481 1164 5550 Φ)
1181 5481 1317 5536 Ercidisse
1329 5480 1374 5536 tte
1387 5485 1512 5537 videturr
1535 5481 1657 5536 eonsib'u
1671 5481 1711 5535 vel
1723 5477 1830 5552 simile3
1856 5477 1901 5536 vel
1916 5497 1968 5552 pro
1979 5479 2104 5546 pendent

122 5559 147 5612 p.
163 5547 223 5602 stt.
240 5549 292 5604 No.
308 5551 370 5604 120.
1172 5547 1317 5620 legendum
1329 5561 1369 5606 est
1379 5554 1486 5617 madre
1497 5547 1581 5608 ridel.
1592 5567 1665 5618 apes.

64 4917 253 5056 EQ.
