4682 6254
223 381 298 460 aas
804 375 1244 454 amsronaauu
1301 375 1410 464 nra.
1444 375 1491 456 a
1544 373 1678 456 ιω.
1726 337 1728 342 ’
2004 349 2011 356 ’
2191 379 2263 454 sas

227 562 272 632 ad
296 572 330 630 te
354 555 540 648 expatiari,
575 551 643 624 'ubi
667 550 870 623 intellexero
894 564 928 622 te
948 545 1134 622 Erlordiae
1155 549 1222 621 ali·
1266 563 1351 642 opto
1365 546 1437 622 Dn.
1452 541 1912 637 Milichioet-Mnrcello,
1938 561 1974 622 et
1989 543 2136 622 Ioanni
2151 544 2262 621 Auri-

229 661 435 757 quantisper
455 668 758 726 commoraturum
774 677 858 723 esse.
907 651 1055 723 Pertexo
1070 653 1222 741 nuncin
1259 649 1392 751 sabro.
1442 650 1541 724 Beue
1556 655 1646 729 vale.
1694 652 1873 726 Postridie
1887 651 2144 726 conversionis
2161 651 2261 724 Pauli

229 759 295 834 hac
317 759 510 832 solitudine
532 779 663 827 munus
686 757 844 826 debitum
868 767 929 824 tuo
942 755 1036 836 filio,
1063 755 1224 825 dialecti·
1271 751 1384 830 1547.

231 889 306 938 cen.
357 861 548 952 Speremus
574 859 669 927 enim
686 860 799 927 ,deum
821 869 1041 926 servaturum
1065 881 1138 926 esse
1153 851 1223 926 Ec·
1780 850 1972 952 Philippus
1989 853 2217 932 Melanthon,

231 965 356 1036 clesiae
371 977 406 1034 et
420 961 663 1032 doctrinarum
680 959 827 1044 semina,
847 972 888 1028 ut
900 957 1004 1030 toties
1018 981 1091 1031 vox
1101 958 1225 1029 divina

229 1067 411 1160 promisit,
443 1073 580 1156 hosque
600 1085 704 1132 curae
726 1084 798 1130 csse
817 1057 894 1130 Deo
914 1084 989 1130 non
1010 1061 1226 1146 dubitemus,
1341 1064 1345 1070 '

232 1170 289 1240 vel
312 1169 342 1238 si
363 1170 496 1238 fractus
519 1164 688 1234 illabatur
707 1163 816 1235 orbis.
866 1158 964 1230 Bene
987 1161 1078 1236 vale.
1127 1159 1225 1233 Deus
1843 1207 1848 1216 .

232 1284 398 1343 aeternus
419 1280 519 1358 pater
534 1265 672 1337 domini
685 1265 801 1334 nostri
818 1259 898 1332 Iesu
912 1259 1048 1334 Christi
1061 1280 1177 1337 servet
1192 1277 1225 1335 te
1269 1220 1465 1350 Q·
2122 1227 2259 1348 Q

232 1387 268 1444 et
287 1368 475 1443 honestiss.
490 1367 676 1456 coniugem
696 1379 794 1438 tuam
810 1364 1080 1438 etdulcissimos
1095 1367 1225 1437 liberos

231 1488 322 1550 tuos.
349 1467 431 1546 Vll.
444 1466 518 1544 Cal.
536 1465 640 1543 Febr.
1617 1428 1681 1518 10.
1702 1427 1923 1516 Marcello,

885 1566 983 1646 Phil.
999 1565 1176 1643 Melanch.
1339 1602 1419 1675 ,sax
1435 1601 1590 1676 ψόφῳ..
1608 1602 1845 1660 eod.Gotb.191.
1865 1623 1893 1676 p.
1905 1600 1975 1658 πυ.
2009 1601 2111 1676 ω...
2124 1601 2150 1658 ι.
2169 1602 2224 1658 Ἰ...
2235 1602 2262 1658 ί.

1128 1795 1220 1806 .-
1372 1673 1543 1814 ῗιὲὶθοίὴ.
1560 1673 1623 1729 tot.
1641 1691 1669 1746 pt
1685 1673 1769 1730 ttsb.
1786 1681 1814 1728 et
1830 1672 1860 1728 in
1878 1671 1940 1730 cod.
1956 1671 2070 1729 Monac.
2082 1669 2128 1727 89.
2174 1671 2262 1728 o.V1.

231 1939 299 2014 No.
313 1940 426 2014 stat
653 1937 659 1945 ’
1088 1941 1228 2016 26.1an.
1539 1891 1716 1968 Ioanni
1738 1887 1991 1968 Marcello.
2066 1885 2069 1899 ’

236 2037 450 2076 ⁹⁹⁴⁹
484 2143 489 2160 ⁶
598 2123 638 2212 G
678 2127 740 2214 M
777 2131 784 2147 ·
842 2131 850 2148 ⁸
1091 2039 1229 2070 Μ
1272 2022 1315 2116 S.
1337 2039 1388 2170 J).
1426 2041 1630 2168 Clarissima
1643 2038 1673 2140 ¹)
1686 2041 1872 2176 Mapcelle.
1914 2036 2082 2167 ῃὲμψον
2094 2065 2161 2135 μοι
2175 2037 2263 2166 dno

386 2287 409 2342 a
429 2287 471 2344 ec
483 2287 532 2345 us.
540 2288 573 2344 v.
613 2190 712 2345 ‚ists
733 2155 860 2345 ‚mm
1267 2170 1468 2344 militia
1480 2171 1564 2375 iiii)
1576 2144 1788 2342 {totili‘igvvti
1801 2145 2262 2342 ,ffjggffifflffi

411 2307 427 2361 p
594 2308 612 2363 P
713 2310 732 2364 q
1272 2347 1558 2449 παρασκευαζω,
1581 2347 1645 2423 καὶ
1658 2345 1784 2444 πρέπει
1798 2343 1898 2442 ὑμᾶς
1912 2343 1944 2444 ⁴)
1962 2345 2125 2444 βοηθεῖν
2140 2353 2262 2422 corod-

232 2441 435 2542 Georgia
454 2442 667 2535 Maiori,
702 2443 1011 2543 (Magdeburgae
1034 2445 1225 2539 versanti.)
1271 2480 1320 2526 w
1337 2447 1643 2548 ouoyddtgmst).
1686 2449 1869 2547 Ἔῤῥωσο,
2018 2545 2087 2622 Ph·
2111 2549 2155 2624 Μ

231 2575 277 2668 S.
303 2595 350 2671 D.
400 2595 598 2668 Laudanda
627 2611 679 2668 est
707 2599 897 2690 prudentia
927 2598 966 2667 in
991 2600 1227 2688 gubernatore

231 2700 353 2780 navis,
382 2697 446 2791 qui
465 2721 539 2769 uon
560 2699 704 2790 navigat
723 2700 836 2769 foedis
858 2701 1142 2793 tempestatibus,
1167 2714 1228 2772 aut

231 2825 312 2872 cum
336 2799 435 2890 signa
460 2814 544 2872 sunt
565 2800 720 2871 illustria
739 2802 864 2872 foedae
879 2804 1105 2894 tempestatis.
1156 2801 1227 2874 Sed

230 2917 349 2976 tamen
371 2902 433 2971 ille
454 2903 530 2994 ipse
544 2915 667 2974 cautus
683 2905 898 2994 gubernator
919 2905 1114 3004 tranquillo
1137 2906 1227 2976 mari
1272 2929 1340 3006 No·
1354 2905 1468 3005 3723,

230 3004 392 3094 navigat,
414 3017 448 3076 et
462 3005 538 3092 scit,
563 3006 695 3076 exoriri
707 3005 889 3077 interdum
904 3007 1023 3077 subito
1038 3020 1227 3098 tempesta·
1273 3027 1485 3060 Μ

229 3120 281 3179 tes
296 3106 527 3192 saevissimas,
550 3130 640 3202 quae
655 3107 812 3198 prospici
826 3131 901 3178 non
916 3121 1120 3200 potuerunt.
1152 3108 1226 3179 Ta·
1644 3126 1694 3221 G·
1725 3130 1905 3218 Maiori⁴

228 3209 274 3279 lis
295 3210 555 3301 propemodum
578 3221 651 3280 tota
676 3208 747 3281 vita
764 3221 833 3294 est,
857 3209 962 3281 etiam
979 3235 1114 3282 cumea
1130 3212 1227 3304 peri·
1350 3250 1354 3258 ,

230 3311 327 3395 cula,
351 3334 442 3403 quae
458 3309 555 3380 cerni
570 3304 727 3381 humana
739 3310 929 3403 prudentia
943 3326 1111 3404 possunt,
1134 3315 1227 3384 vita·

229 3412 363 3480 vimus:
389 3422 508 3480 tamen
529 3412 598 3482 alia
619 3412 776 3482 accidere
790 3426 956 3504 possunt,
981 3439 1070 3509 quae
1086 3416 1226 3507 sapien-

230 3527 285 3584 ter
299 3512 446 3585 lerenda
461 3526 556 3586 sunt.
606 3510 808 3607 Sequemur
821 3515 929 3603 igitur
942 3515 983 3584 iu
999 3516 1225 3588 deliberatio·

229 3615 337 3685 nibus
366 3615 522 3704 primum
544 3610 695 3686 honesta
719 3616 886 3702 consilia,
918 3617 1048 3689 deinde
1068 3619 1225 3709 pericula
1269 3599 1317 3690 S.
1332 3613 1378 3692 Ι).
1400 3613 1615 3711 Charissime
1624 3611 1768 3704 Georgi.
1787 3611 1897 3684 Mitto
1911 3611 1977 3682 tibi
1994 3604 2267 3682 literasBaum-

229 3716 457 3788 mediocriter
485 3717 760 3810 prospiciamus,
789 3741 857 3792 nec
880 3720 1001 3789 omnia
1027 3722 1227 3813 praevideri
1269 3716 1459 3815 gerlani,
1491 3742 1581 3813 quae
1601 3730 1793 3801 testantur,
1826 3713 1894 3786 tibi
1912 3713 2208 3785 deliberationem
2225 3715 2266 3784 de

228 3839 330 3909 posse
359 3818 573 3909 cogitemus,
612 3841 764 3912 cumque
794 3813 1040 3909 statuerimus,
1079 3837 1226 3895 eventus
1270 3822 1481 3912 migratione
1510 3821 1551 3889 in
1574 3811 1731 3891 Patriam
1760 3811 1877 3886 adhuc
1905 3818 2078 3907 integram
2110 3839 2208 3902 esse,
2238 3815 2266 3884 si

228 3918 305 3992 Deo
330 3923 628 3992 commendemus.
695 3919 887 3993 Non‘licet
909 3923 1028 3995 deess'e
1047 3922 1228 4014 Ecclesiis
1272 3947 1419 4019 quaeres
1431 3923 1500 3996 tibi
1515 3935 1550 3992 et
1565 3921 1687 3992 liberis
1699 3916 2147 4012 hospitiumtranquillius.
2169 3913 2267 4002 Nam,

229 4021 368 4093 etiamsi
383 4021 530 4092 Turcici
553 4021 726 4094 exercitus
748 4048 869 4093 muros
892 4039 1033 4096 nostros
1049 4029 1227 4099 circunse-
1272 4041 1457 4121 postquam
1480 4019 1548 4096 hae
1571 4022 1737 4113 regiones·
1747 4020 1845 4092 civili
1860 4044 1985 4092 cruore
2003 4019 2162 4112 pollutae
2177 4032 2267 4105 sunt,

229 4125 365 4198 decent.
396 4120 476 4214 Ego
488 4125 648 4218 utrisque
666 4125 714 4196 ita
729 4127 914 4217 respondi,
935 4125 1225 4220 Noribergensib.
1271 4153 1362 4223 quae
1384 4152 1462 4221 spes
1483 4137 1600 4220 potest
1622 4145 1696 4196 esse
1721 4123 1841 4215 pacis?
1890 4119 1939 4194 Et
1962 4135 2075 4193 errata
2097 4121 2265 4193 consilio-

231 4238 266 4297 et
280 4223 562 4312 Vratislavianis,
584 4239 624 4296 ut
640 4227 762 4297 omnia
778 4224 895 4299 adhuc
910 4229 976 4300 tibi
993 4231 1129 4320 integra
1143 4233 1226 4303 sint.
1272 4257 1352 4302 rum
1375 4232 1470 4321 apud
1494 4243 1636 4300 nostros
1654 4217 1909 4322 προσημασίαι
1924 4237 2007 4295 sunt
2021 4221 2121 4293 velut
2132 4236 2266 4317 tempe-

136 4365 138 4369 *
228 4323 459 4416 Potesigitur
474 4322 605 4398 habere
619 4321 794 4426 δευτέρας
809 4326 1025 4427 φροντίδας.
1051 4329 1129 4425 Ego
1146 4335 1228 4428 qui·
1272 4347 1412 4406 statum.
1479 4330 1588 4403 Posse
1620 4343 1740 4399 autem
1764 4327 1956 4420 'aliquanto
1990 4338 2070 4418 post
2094 4325 2265 4396 familiam
2334 4391 2335 4394 ,

189 4425 191 4432 ’
228 4427 310 4498 dem
324 4429 536 4498 anteferrem
552 4427 807 4520 Noribergam,
830 4435 891 4502 sed
906 4435 974 4506 tibi
988 4459 1064 4505 non
1081 4437 1157 4507 fero
1174 4438 1226 4506 le-
1271 4428 1471 4517 transvehi,
1505 4430 1708 4506 ratiocinor.
1771 4425 1920 4516 Vitam,
1948 4428 2078 4512 miror,
2104 4440 2180 4498 tam
2205 4428 2264 4498 diu
2334 4437 2335 4468 l

226 4549 306 4618 ges,
331 4544 366 4601 et
386 4531 559 4621 optarim,
591 4532 731 4602 consuli
752 4557 854 4625 posse
869 4533 1037 4606 Ecclesiis
1051 4534 1225 4612 Slesiacis.
1271 4540 1411 4618 abesse,
1444 4555 1525 4606 cum
1550 4534 1696 4630 quidem
1716 4527 1875 4622 Lipsiam
1897 4530 2070 4602 exercitus
2090 4523 2265 4602 Electoris

225 4627 325 4702 Deus
341 4646 440 4722 regat
453 4645 606 4703 mentem
621 4646 739 4717 tuam,
757 4647 798 4704 ut
815 4648 963 4720 statuas,
989 4641 1086 4732 quod
1100 4635 1226 4710 Eccle-
1270 4639 1474 4734 reliquerit,
1506 4658 1597 4731 quae
1622 4656 1678 4704 res
1700 4654 1863 4723 magnam
1879 4657 2001 4705 rursus
2016 4629 2102 4702 belli
2118 4655 2265 4702 conver-

226 4733 300 4804 siae
315 4746 350 4803 et
365 4734 433 4804 tibi
450 4735 604 4805 faustum
621 4746 655 4804 et
671 4735 758 4804 felix
775 4735 853 4808 erit.
1270 4743 1407 4812 sionem
1429 4741 1564 4810 factura
1587 4749 1743 4827 putatur.
1795 4732 1904 4805 Brevi
1926 4737 1971 4806 ad
1993 4757 2058 4806 vos
2071 4756 2264 4806 excurram.

303 4831 413 4904 Mitto
431 4835 499 4906 tibi
513 4835 720 4916 fasciculum
737 4837 920 4908 literarum
936 4839 1095 4911 dandum
1109 4829 1224 4912 Chri-
1268 4841 1309 4918 Β.
1326 4843 1372 4918 V.
1422 4838 1490 4913 Die
1506 4840 1569 4916 29.
1587 4837 1663 4910 lau.

225 4931 353 5007 seiano
367 4929 559 5024 Pontano,
585 4962 691 5031 quem
708 4938 787 5012 istic
802 4939 872 5010 iam
886 4964 959 5010 esse
975 4942 1141 5018 arbitror.
1763 4944 1767 4954 '
1789 4934 1978 5031 Philippus
1989 4931 2220 5010 Melanthou.

301 5037 434 5109 Missus
455 5054 506 5111 est
527 5035 587 5110 hic
603 5041 791 5138 fasciculus
810 5067 851 5112 ex
864 5039 1068 5135 Erphordia
1084 5047 1129 5114 ad
1145 5033 1224 5115 Ca·
1398 5085 1418 5090 ·-
1438 5085 1454 5090 ··

225 5137 434 5214 meracium.
484 5140 577 5212 Nam
589 5142 724 5213 familia
738 5142 933 5215 Camerarii
949 5161 1046 5217 nunc
1059 5141 1222 5239 Erphor-
1302 5172 1329 5232 n
1350 5167 1596 5224 coeuntem.
1611 5165 1776 5220 carissime.

224 5241 303 5312 diae
329 5256 391 5317 est.
443 5242 665 5335 Significabis
688 5260 805 5317 autem
822 5242 934 5334 mihi,
958 5271 1005 5318 an
1021 5244 1221 5321 exhibueris
1299 5257 1328 5323 2)
1346 5251 1590 5311 eod·G⁰¹h·⁴⁰¹·
1605 5253 1735 5306 Bmtov.
1832 5263 1839 5273 '

222 5335 320 5416 hunc
333 5341 539 5417 fasciculum
555 5335 778 5419 Christiano
791 5341 982 5434 Pontauo,
1002 5351 1060 5420 cui
1075 5352 1220 5446 quidem
1298 5343 1327 5413 8)
1347 5339 1417 5397 ⁰⁰⁶·
1430 5338 1514 5394 ⁶⁰¹5·
1528 5341 1589 5396 ⁴⁰¹·
1600 5331 1785 5403 ⁶“‘²⁸²‘'⁸'³'·

221 5458 257 5516 et
283 5448 371 5516 meis
403 5449 521 5519 verbis
548 5464 751 5522 reverenter
772 5453 922 5522 salutem
944 5451 1051 5522 dices.
1109 5452 1218 5526 Mitto
1298 5429 1329 5583 ἒξ
1347 5409 2091 5575 'ffl‘ylpssffimglqoff,{⁰2uiihhiiri.ifiioa.
2110 5495 2261 5554 Gaffiot.

218 5547 286 5620 tibi
300 5549 464 5622 libellum
480 5575 601 5623 recens
619 5553 755 5624 editum
772 5553 1019 5646 Witebergae.
1059 5552 1220 5627 Salutem
1290 5601 1296 5613 ·
1333 5578 1383 5644 otc
1400 5579 1498 5636 retro.

1371 3291 1457 3367 apsi.
1474 3290 1524 3347 tn.
1537 3291 1571 3348 v.
1588 3309 1616 3364 p.
1628 3289 1731 3364 ssuq.

1270 3461 1475 3562 Georgia
1501 3460 1704 3536 Maiori.
1743 3456 2054 3557 (Mngdeburgae
2075 3460 2264 3553 versanti.)
2335 3477 2336 3514 t
