4778 6258
236 305 287 380 2⁷
827 298 1263 376 EPISTOLARUM
1316 300 1424 376 ΗΒ.
1455 300 1500 376 Χ.
1558 297 1693 376 1546.
2230 307 2279 380 28

341 468 396 541 De
410 464 603 542 Dichtelio
626 470 749 542 scribit
764 465 1027 566 Hieronymus.
1075 468 1237 541 Demise-
1284 497 1362 544 mus
1387 473 1436 543 sic
1459 473 1641 543 abundare
1666 471 1704 554 in
1728 483 1762 540 te
1783 471 2041 544 consolationes
2058 487 2094 546 et
2108 474 2215 546 vitam
2239 476 2277 544 iu

248 595 368 642 ramus
384 597 464 643 enm
488 599 528 642 ac
550 575 668 642 literas
692 589 851 646 amanter
866 576 1011 664 scriptas
1023 574 1055 642 ei
1071 574 1237 643 dederam
1285 570 1447 655 Christo,
1471 587 1511 645 ut
1534 598 1609 644 non
1628 572 1741 653 mori,
1766 574 1828 642 sed
1851 596 1948 642 nunc
1966 575 2124 666 primurn
2138 600 2221 647 vere
2245 591 2281 649 et
2381 657 2382 660 Ἴ

249 678 293 742 ad
318 691 353 744 te
377 677 475 745 etad
500 673 655 744 Patrem.
714 673 847 744 Melius
869 675 962 744 enim
988 670 1103 743 adhuc
1127 676 1170 742 de
1197 695 1238 741 eo
1286 691 1469 748 aeternum
1489 675 1609 746 vivere
1635 673 1674 744 in
1695 675 1772 764 ipso
1790 673 1865 746 filio
1881 671 1969 760 Dei,
1995 676 2056 769 qui
2082 678 2221 748 estvita
2246 692 2280 749 et
2381 709 2382 760 i

249 776 460 860 sentiebam,
487 800 592 865 quam
615 799 724 850 nunc.
776 775 846 848 Sed
869 777 942 867 ipse
957 777 1026 844 sibi
1042 776 1133 846 male
1152 797 1240 844 con·
1285 778 1497 848 resurrectio
1525 789 1667 860 nostra,
1700 775 1869 867 incipias,
1900 799 2016 869 neque
2039 778 2106 850 tibi
2130 803 2151 850 a
2173 781 2280 851 nobis
2381 767 2382 792 ¹

250 878 342 946 scius
364 889 462 945 motu
478 877 516 943 in
535 877 696 944 morbum
711 873 979 975 μελαγχολικὸν
996 878 1141 960 incidit,
1167 900 1239 970 quo
1287 880 1544 950 consolationes
1570 879 1661 946 vitae
1686 878 1855 947 adversus
1890 893 2043 950 mortem
2074 897 2279 972 exspectan-

249 981 279 1045 si
310 979 590 1066 extingueretur,
623 979 714 1046 bene
744 1003 825 1048 cum
850 1001 891 1047 eo
915 979 971 1067 agi
993 979 1240 1050 existimarem.
1288 984 1373 1066 dae,
1389 984 1448 1050 sed
1467 980 1584 1073 potius
1599 979 1662 1048 abs
1678 993 1711 1047 te
1728 979 1834 1048 nobis
1849 979 2073 1071 accipiendae
2090 982 2176 1052 sint:
2203 997 2279 1054 toto

249 1075 346 1148 Deus
362 1093 523 1148 aeternus
540 1077 644 1147 Pater
659 1077 805 1148 Domini
825 1080 937 1149 nostri
955 1079 1032 1150 lesu
1051 1076 1185 1150 Christi
1208 1092 1240 1147 te
1287 1097 1426 1176 pectore
1458 1080 1535 1152 Deo
1565 1094 1728 1162 aeterno,
1758 1079 1850 1171 patri
1881 1077 2030 1151 Domini
2060 1085 2172 1155 nostri
2199 1082 2280 1155 lesu
2381 1149 2382 1172 ,

249 1195 363 1248 servet
386 1181 600 1248 incolumem
624 1194 658 1250 et
684 1194 790 1270 regat.
842 1178 1044 1252 Benevale.
1072 1183 1129 1250 die
1153 1203 1241 1248 ron·
1288 1181 1440 1267 Christi,
1471 1181 1600 1270 gratias
1633 1182 1789 1271 agimus,
1825 1204 1890 1272 pro
1919 1183 2148 1253 inenarrabili
2182 1189 2279 1256 dono

249 1279 443 1350 iunctionis
468 1280 614 1350 Saturni
643 1294 678 1350 et
700 1281 848 1366 lllartis,
878 1283 978 1351 cuius
1005 1282 1120 1350 minas
1145 1280 1241 1352 Deus
1288 1310 1370 1370 suo,
1387 1287 1483 1377 quod
1500 1297 1534 1352 et
1551 1283 1767 1373 agnitionem
1784 1281 1856 1366 sui,
1879 1282 1917 1350 in
1934 1287 2042 1355 verbo
2060 1287 2194 1375 ingenti
2203 1291 2280 1376 ,bo-
2381 1271 2382 1332 l

250 1381 355 1451 nobis
377 1395 410 1450 et
426 1377 581 1473 Reipnb.
601 1381 751 1472 mitiget,
777 1406 817 1450 ac
836 1397 951 1452 servet
966 1383 1102 1476 aliquas
1117 1380 1242 1456 Eccle-
1287 1387 1398 1456 nitate
1421 1386 1614 1477 patefacto,
1648 1384 1752 1456 nobis
1785 1384 1952 1470 donavit,
1986 1400 2022 1457 et
2044 1411 2107 1479 per
2129 1389 2219 1458 illud
2241 1393 2280 1460 iu
2381 1391 2382 1408 ¹

250 1483 341 1564 siae,
367 1483 507 1574 piorum
526 1484 744 1567 studiorum,
770 1477 939 1554 honestae
962 1485 1170 1576 disciplinae
1186 1507 1242 1551 re·
1288 1488 1428 1571 multis,
1451 1487 1490 1554 in
1504 1499 1538 1555 te
1553 1510 1695 1579 qnoque
1716 1485 1843 1576 spiritu
1857 1509 1921 1554 suo
1940 1500 2060 1557 sancto
2078 1490 2198 1559 efficax
2216 1507 2279 1567 cst.

251 1582 396 1676 liquias,
421 1596 462 1652 ut
480 1584 662 1673 promisit,
688 1609 723 1654 se
743 1583 850 1654 etiam
867 1598 1102 1656 senescentem
1119 1582 1242 1654 Ecclc·
1289 1587 1427 1680 thuia
1442 1588 1583 1657 tededit
1598 1589 1787 1657 salutarem
1802 1587 2169 1661 doctoremEcclesiae
2185 1616 2280 1678 suae,
2381 1631 2382 1641 ι

251 1687 339 1754 siam
363 1697 577 1774 gestaturum
603 1709 687 1759 esse.
747 1683 845 1755 Bene
869 1701 904 1758 et
929 1687 1078 1758 feliciter
1104 1680 1243 1780 vale*).
1290 1691 1457 1784 quicum
1485 1687 1780 1783 tanquamlortis
1810 1682 1942 1759 athleta
1971 1691 2146 1760 etbonus
2175 1695 2280 1764 miles
2381 1703 2382 1784 ]

250 1783 359 1856 Mitto
374 1785 441 1856 tibi
457 1779 610 1878 Stigetii
625 1784 826 1857 versiculos.
1290 1788 1441 1877 Christi,
1466 1813 1606 1860 cursum
1631 1804 1732 1859 tuum
1754 1789 1905 1859 fideliter
1921 1795 2221 1863 consummaveris
2246 1811 2281 1866 et

761 1916 951 2012 Philippus
965 1919 1192 1996 Melanthon·
1290 1895 1424 1962 bonum
1443 1905 1618 1960 certamen
1635 1891 1798 1973 certaris,
1819 1893 2012 1962 decaetero
2029 1918 2195 1965 coronam
2213 1899 2278 1966 tibi
2381 1883 2382 1900 ³

1290 1994 1445 2064 iustitiae
1470 1993 1658 2084 repositam
1681 1989 1807 2076 hahes,
1839 2017 1945 2084 quam
1968 2008 2002 2064 et
2031 1996 2097 2064 tibi
2126 1997 2279 2068 fideliter

1291 2097 1415 2165 reddet
1438 2095 1625 2178 dominus,
1658 2093 1771 2163 iustus
1791 2093 1916 2180 iudex,
1948 2108 1982 2165 et
2002 2099 2171 2169 omnibus
2193 2100 2279 2169 dili-

1290 2197 1455 2288 gentibus
1471 2197 1661 2266 adventum
1678 2197 1764 2268 eius.

252 2338 319 2410 No.
345 2337 460 2412 3370.
1097 2361 1128 2425 5.
1146 2353 1232 2416 Febr.
1393 2343 1513 2434 Quare
1530 2344 1559 2412 si
1575 2336 1690 2414 adhuc
1706 2343 1744 2412 in
1758 2338 1825 2412 hac
1847 2345 1989 2415 mortali
2011 2359 2043 2417 et
2060 2348 2187 2420 misera
2202 2376 2280 2422 car·
2381 2413 2382 2420 ,

252 2433 463 2469 Μ
1067 2444 1238 2471 Μ
1291 2473 1336 2517 ne
1356 2447 1466 2530 vivis,
1497 2445 1536 2514 in
1560 2471 1628 2538 qua
1655 2445 1726 2513 iam
1746 2445 1883 2536 aliquot
1905 2470 2036 2532 annos,
2071 2473 2146 2520 non
2167 2451 2279 2543 ipsius

456 2539 658 2657 Crucpgffl.
686 2545 748 2630 ad
775 2547 1037 2657 Myconium,
1291 2549 1406 2619 carnis
1429 2549 1518 2632 vita,
1542 2550 1604 2617 sed
1625 2547 1694 2614 fide
1716 2545 1781 2615 filii
1799 2544 1868 2617 Dei
1890 2547 1997 2632 vivis,
2023 2551 2075 2619 sac
2099 2567 2139 2622 nt
2155 2577 2278 2643 pergas
2381 2601 2382 2618 ι

320 2698 582 2824 EditaaSneparsio
601 2703 630 2758 in
643 2703 752 2758 libello:
770 2705 835 2760 XVl
848 2707 1009 2764 relectiones
1022 2728 1137 2780 vereque
1152 2708 1242 2764 'l'heu-
1413 2751 1422 2768 .
1475 2752 1484 2768 .
1673 2751 1680 2768 .
1791 2750 1800 2766 .
2106 2755 2114 2771 .

352 2771 457 2840 logica
476 2771 498 2824 ρ
510 2790 621 2824 erorum
640 2772 760 2828 virorum
781 2776 911 2846 epistotae
930 2787 981 2832 etc.
999 2811 1034 2822 ,,
1053 2799 1065 2830 e
1087 2817 1094 2832 ,
1114 2779 1189 2834 χιιι,
1207 2811 1243 2820 -
1289 2777 1385 2834 rum,
1411 2775 1448 2820 m
1473 2775 1550 2840 rpso
1575 2749 1732 2822 Domruo
1756 2746 2012 2842 trxumphatore
2034 2766 2069 2823 et
2090 2754 2281 2828 liberatore

1290 2674 1364 2720 esse
1387 2649 1506 2718 auimo
1521 2648 1653 2720 victore
1674 2663 1706 2718 et
1725 2660 1943 2718 contemtore
1956 2652 2080 2720 mortis
2096 2668 2129 2721 et
2143 2654 2279 2725 infero-

352 2835 458 2893 llecusa
475 2839 501 2891 in
520 2838 643 2894 Teuzelii
656 2842 848 2914 supplemento
867 2845 994 2902 historiae
1008 2845 1052 2901 Go
1083 2867 1149 2902 anae
1162 2849 1242 2903 tertio
1290 2867 1424 2924 nosti-0,
1478 2850 1677 2922 Admoneat
1702 2865 1736 2922 le
1759 2865 1793 2920 el
1817 2851 1933 2943 ipsum
1953 2877 2148 2942 cognomen
2164 2871 2279 2942 tuum,
2381 2849 2382 2852 Ἴ

357 2907 704 2981 (taurustaurus.
1364 2956 1373 2971 .
1428 2955 1436 2971 .
1764 2953 1772 2970 ·
2006 2957 2013 2970 ·

1290 2969 1331 3024 ut
1363 2967 1495 3023 mvrcto
1532 2954 1660 3022 robore
1694 2955 1772 3022 fider
1809 2977 1972 3041 persones
2004 2956 2101 3024 rllam
2136 2983 2278 3028 vocem:

256 3053 351 3128 Viro
370 3056 506 3155 optimo
521 3067 551 3128 et
564 3057 697 3154 pietate
710 3061 921 3154 praestanti
933 3059 1245 3140 D,Frid3ri00
1291 3056 1426 3125 etiamsi
1452 3055 1630 3124 ambulem
1656 3054 1697 3122 in
1724 3055 1843 3124 medio
1864 3057 2006 3142 mortis,
2039 3082 2112 3126 non
2144 3060 2277 3132 timebo

252 3155 494 3254 Mycouio,
528 3152 681 3230 Pastori
697 3158 886 3232 Ecclesiae
902 3157 1120 3252 Gothanue,
1143 3193 1245 3241 servo
1290 3157 1441 3238 malum,
1474 3157 1643 3248 quonlam
1673 3170 1712 3225 1¹¹
1744 3179 1881 3224 mecum
1916 3179 1969 3240 0³,
1994 3173 2057 3228 etc·
2081 3174 2115 3230 et
2136 3161 2167 3228 si
2188 3188 2280 3255 quae

254 3271 285 3328 et
306 3256 423 3329 mileti
446 3251 596 3331 Christi
612 3254 840 3354 fidelissimo
873 3287 917 3333 ac
938 3264 1174 3362 fortissimo,
1213 3281 1245 3341 et
1291 3272 1373 3327 ⁵11¹st
1396 3258 1547 3340 Simile&
1574 3257 1704 3350 qulbus
1727 3256 1800 3350 lpse
1825 3258 1993 3331 abundas·
2046 3259 2134 3330 Nam
2157 3261 2279 3332 sicre-

466 3357 585 3430 nmr'cu
600 3385 668 3432 suo
683 3355 902 3434 charissimo
928 3363 967 3440 S,
985 3363 1039 3442 D,
1103 3401 1104 3406 ι
1291 3360 1408 3427 dimus
1433 3360 1503 3427 illis
1525 3359 1687 3428 maximis
1705 3373 1738 3427 et
1755 3359 1919 3447 preciosis
1935 3361 2133 3450 promissis,
2157 3377 2197 3433 ut
2222 3367 2280 3434 in·
2381 3397 2382 3408 ι

1291 3461 1367 3554 quit
1387 3458 1530 3547 Petrus,
1551 3461 1723 3529 divinitus
1747 3459 1851 3528 nobis
1874 3463 2031 3546 traditis,
2066 3477 2099 3534 et
2119 3469 2280 3552 agnosci-

254 3493 350 3598 Legi
372 3525 451 3580 tuas
474 3509 594 3579 literas
619 3511 766 3604 scriptas
783 3514 828 3583 ad
845 3512 888 3587 D.
907 3511 1101 3607 Georgium
1115 3511 1244 3589 Rura·
1263 3469 1269 3590 l

256 3615 370 3696 rium,
400 3611 438 3681 in
462 3611 593 3704 quibus
625 3627 795 3706 tanquam
813 3615 1051 3686 dulcissimam
1076 3645 1242 3714 cygneam

255 3713 455 3784 cantionem
475 3736 607 3783 sonans
624 3715 729 3785 nohis
751 3717 939 3802 valedicis,
966 3732 998 3789 et
1024 3717 1112 3790 mihi
1136 3724 1240 3794 etiam
1308 3765 1315 3782 ·

254 3815 401 3886 salutem
428 3827 587 3885 amanter
607 3815 787 3890 adscribis.
842 3814 923 3888 Etsi
954 3835 1070 3892 autem
1103 3848 1241 3896 necesse

252 3917 341 4000 suit,
364 3915 459 3986 varie
482 3940 548 3986 nos
573 3917 664 3986 albei
684 3918 753 3988 tuis
769 3919 897 4004 literis,
924 3947 1010 4014 quas
1027 3924 1102 3993 sine
1126 3926 1240 4020 lacry-

252 4019 320 4088 mis
349 4019 463 4108 legere
494 4018 674 4090 neminem
706 4019 929 4112 pium'posse
959 4025 1173 4110 iudicamus,
1207 4045 1239 4099 rt

252 4133 396 4210 propter
418 4120 517 4189 illam
538 4119 695 4190 vividam
722 4123 978 4212 expressionem
1008 4127 1237 4200 mirificorum

253 4220 462 4305 affectuum,
489 4221 618 4314 quihus
631 4247 692 4292 cor
714 4236 815 4292 tuum
832 4228 930 4294 ardet
946 4227 1074 4296 fiducia
1098 4243 1131 4297 et
1149 4231 1238 4300 dile·
1532 4307 1535 4318 ¹

252 4323 368 4392 ctione
385 4322 451 4390 filii
467 4318 553 4407 Dei,
578 4324 766 4392 servatoris
784 4326 914 4408 nostri,
944 4341 976 4396 et
997 4344 1140 4419 propter
1164 4356 1235 4400 non
1367 4320 1435 4390 Sed
1452 4346 1472 4390 ⁰
1489 4324 1747 4412 deplfflffitdllffl
1768 4323 1878 4411 frigus
1898 4339 1930 4392 θῖ
1948 4337 2127 4416 ΐθΐΡθΐθῐῐὶ
2145 4353 2279 4417 meum,

253 4424 413 4512 exiguam
441 4423 703 4494 solicitudinem
736 4439 771 4494 et
794 4438 866 4495 tam
895 4444 1067 4499 moestum
1100 4433 1237 4501 deside.
1291 4422 1457 4492 collatum
1474 4425 1517 4493 ad
1536 4424 1637 4494 illum
1654 4438 1897 4514 exporrectum
1913 4426 2068 4515 vigorem
2085 4429 2138 4498 tui
2155 4447 2278 4520 pecto-

1288 3866 1350 3958 qui
1373 3867 1496 3958 etipse
1513 3880 1673 3936 mortuus
1693 3879 1744 3934 est
1759 3879 1793 3934 et
1807 3867 2015 3947 resurrexit,
2043 3881 2083 3938 ut
2103 3883 2137 3939 et
2154 3871 2192 3940 in
2209 3899 2278 3942 no-

1287 3968 1342 4034 bis
1368 3968 1413 4037 sit
1435 3968 1558 4037 mortis
1581 3981 1615 4036 et
1638 3968 1730 4035 vitae
1751 3965 1943 4050 Dominus,
1969 3969 2150 4056 videlicet,
2176 3990 2218 4045 ut
2244 3991 2278 4046 ct

1286 4069 1384 4137 illam
1407 4069 1445 4136 in
1471 4081 1653 4138 aeternum
1675 4069 1832 4152 aboleat,
1858 4082 1891 4139 et
1908 4064 1997 4139 hanc
2012 4071 2050 4139 in
2068 4089 2280 4165 perpetuum

1285 4184 1431 4240 renovet
1446 4184 1480 4240 et
1497 4183 1690 4242 conservet.
1748 4241 1755 4248 ,

250 4527 344 4595 rium
361 4525 433 4610 tui,
458 4527 554 4617 quod
579 4527 642 4594 ista
658 4529 990 4599 commemoratione
1008 4533 1045 4598 in
1062 4533 1165 4602 uobis
1181 4559 1236 4602 re·
1283 4524 1332 4592 ris
1356 4539 1390 4594 et
1411 4527 1591 4594 ardentem
1610 4526 1681 4592 vim
1698 4526 1798 4594 fidei:
1824 4550 1895 4619 quo
1918 4528 2065 4598 nomine
2088 4525 2179 4599 mihi
2200 4534 2305 4626 ipse.

250 4625 404 4719 linquis,
430 4641 598 4717 tauquam
625 4627 926 4732 iamcdisccssurus
948 4655 967 4699 a
992 4633 1095 4701 nobis
1121 4633 1158 4703 in
1183 4637 1236 4702 vi·
1282 4619 1508 4695 vehementer
1520 4626 1709 4716 displiceo,
1730 4640 1763 4696 θῑ
1784 4649 1904 4718 8«Ίθβθι
1927 4653 2008 4698 cum
2030 4631 2182 4702 maxime
2198 4635 2278 4704 vel·

249 4745 321 4796 tam
344 4727 449 4816 longe
473 4728 654 4796 meliorem
678 4739 712 4798 et
734 4743 908 4800 aeternam
933 4734 1132 4802 societatem
1155 4738 1237 4806 dul·
1283 4724 1370 4808 Ῑθῐῐῑ,
1408 4729 1545 4817 pudore
1568 4728 1754 4798 deterritus
1783 4749 1879 4808 snm,
1913 4755 1984 4823 quo
2015 4731 2134 4802 minus
2166 4735 2210 4804 td
2241 4751 2279 4806 te

1289 3586 1386 3644 mus,
1413 3587 1502 3655 quae
1528 3563 1632 3632 nobis
1655 3563 1783 3631 donata
1807 3562 1940 3632 suntin
1957 3557 2099 3634 Christo
2123 3566 2195 3636 hlio
2210 3565 2280 3638 Dei
2381 3609 2382 3656 3

1288 3664 1438 3735 feliciter
1461 3665 1645 3734 nobiscum
1668 3665 1801 3752 agitur,
1825 3665 1919 3754 quod
1942 3665 2027 3735 certi
2048 3690 2185 3753 snmus,
2213 3693 2285 3741 nos
2381 3685 2382 3750 ἶ

1289 3788 1362 3833 stve
1385 3766 1537 3835 vivimus
1567 3765 1640 3833 sive
1668 3765 1861 3846 morimur,
1897 3789 1969 3833 esse
2000 3761 2107 3837 huius
2128 3771 2281 3856 domini,
2381 3855 2382 3858 Ἴ

249 4829 407 4898 cissimae
429 4830 695 4899 consuetudinis
720 4843 755 4900 et
775 4847 961 4922 perpetuae
979 4835 1132 4906 laetitiae
1156 4862 1234 4907 cum
1283 4827 1435 4896 scribere
1452 4831 1630 4902 auderem·
1677 4827 1817 4918 Quodsi
1834 4842 1868 4898 le
1884 4831 2051 4902 dominus
2065 4835 2144 4904 vult
2157 4832 2280 4908 adbuc
2381 4843 2382 4854 ’

247 4931 324 5020 ipso
340 4929 414 4998 lilio
425 4927 503 5015 Dei,
529 4945 564 5000 et
578 4932 641 5000 illo
659 4935 919 5024 exoptatissimo
935 4951 1037 5006 coetu
1054 4939 1234 5008 beatorum
1282 4928 1491 5022 aliquandiu
1512 4929 1752 5022 superstitem,
1778 4933 1874 5022 qu⁰sl
1896 4945 1929 5000 θῑ
1950 4928 2129 5004 Ecclesiae
2153 4951 2188 5007 et
2209 4961 2281 5007 11⁰·
2381 4985 2382 5036 t

246 5045 386 5120 patrum
407 5044 441 5100 et
457 5027 709 5122 prophetarum
726 5046 760 5103 et
777 5050 978 5108 sanctorum
996 5039 1177 5124 omnium,
1202 5055 1235 5110 er
1281 5029 1335 5099 bis
1360 5033 1606 5123 profuturum,
1632 5032 1727 5102 iuxta
1754 5030 1864 5122 ipsius
1888 5033 2108 5104 voluntatem
2125 5038 2280 5109 confidi·
2381 5039 2382 5108 i

246 5135 436 5202 innumero
453 5134 608 5204 exercitu
629 5136 850 5226 angelorum:
878 5151 995 5209 tamen
1018 5165 1097 5210 cum
1115 5141 1235 5210 videa·
1281 5153 1378 5216 mm,
1404 5132 1507 5200 valde
1529 5145 1562 5202 1⁰
1583 5158 1669 5218 ⁰t02
1693 5146 1734 5203 ul
1751 5132 1979 5204 Sincllssslffllss
1995 5150 2030 5206 ⁸1
2044 5137 2279 5226 flagrantibus

1281 5232 1351 5303 tuis
1367 5233 1531 5323 precibus
1554 5233 1659 5304 ctiam
1681 5247 1838 5303 nostram
1855 5232 2162 5324 salutemChristo
2179 5266 2280 5312 com·
2381 5279 2382 5282 ι

1280 5335 1444 5417 mendes,
1476 5349 1516 5405 ut
1540 5347 1575 5404 et
1599 5359 1714 5408 meac
1736 5360 1832 5405 meos
1849 5335 1935 5407 velit
1951 5361 2024 5408 esse
2038 5363 2120 5410 vasa
2135 5343 2279 5414 miseri·
2381 5375 2382 5436 3

278 5447 307 5513 *i
329 5446 407 5502 Attus
425 5446 584 5520 attcrtpsits
602 5467 666 5504 ιιιιι.
680 5449 756 5504 1546.
1281 5435 1442 5520 cordiae,
1467 5448 1501 5505 et
1518 5459 1582 5506 nos
1605 5459 1675 5506 uua
1695 5437 1828 5529 pcrlrni
1848 5439 2109 5532 exoptatissima
2133 5443 2195 5514 illa
2217 5469 2278 5517 so-
