4778 6258
365 1687 701 1777 suuldus
740 1689 960 1775 vrrsn
996 1677 1311 1774 errrorem
1350 1679 1915 1816 Morinurrrouro
1996 1665 2002 1718 ²
2054 1691 2058 1698 ·
2133 1737 2137 1744 .

991 1916 1250 1925 ———..-

953 2105 1120 2183 ANNO
1161 2109 1289 2188 1546.
1392 2104 1396 2114 “

111 2223 177 2284 len.

145 2335 180 2394 3.
217 2325 267 2385 rel
284 2323 315 2382 d.
332 2319 365 2386 4.
381 2317 447 2387 ian.
462 2319 640 2384 Melanthos
655 2321 780 2383 domum
793 2323 890 2384 rediit.

144 2432 181 2490 7.
217 2424 381 2486 inchoatur
399 2423 556 2484 concilium
575 2423 787 2488 Tridentium.

144 2533 181 2593 8.
216 2525 292 2589 Mel.
308 2527 419 2590 iudicet
436 2528 473 2588 de
488 2532 600 2608 scripto
616 2529 749 2610 quodem
761 2525 892 2606 Bucari,
917 2547 935 2587 a
950 2521 1143 2610 Landgravio
1161 2527 1198 2589 ad
1212 2525 1261 2604 Pr.
1277 2523 1449 2610 Electcrem
1462 2530 1565 2591 misso.

147 2635 182 2694 9.
215 2629 371 2692 Pontianus
385 2631 534 2691 dissuadet
552 2627 684 2712 Principi
703 2627 854 2708 Electuri,
879 2652 918 2690 ne
934 2625 1163 2690 Melanthcnem
1177 2637 1278 2692 mittut
1292 2630 1489 2694 Ratisbouam
1503 2629 1540 2692 ad
1557 2627 1758 2710 colloquium.

217 2729 289 2794 liet.
306 2735 339 2792 in
354 2733 456 2794 sobole
473 2745 588 2794 enarrat
601 2737 688 2813 epist.
705 2733 742 2794 ad
756 2730 921 2795 Romanos.
1317 2715 1321 2720 Ι
1753 2737 1758 2745 ’

125 2837 186 2898 10.
218 2833 431 2916 Heidelbergse
445 2839 610 2899 celebratur
624 2857 717 2896 coeca
735 2856 815 2896 sacra
831 2837 885 2896 sub
901 2847 1027 2918 utraque
1041 2838 1139 2915 specie
1157 2845 1187 2894 et
1202 2835 1307 2912 lingua
1322 2831 1492 2898 vernacula·

217 2935 288 2998 illel-
307 2957 376 2996 uum
392 2935 553 3019 crucigero
571 2950 600 2998 et
615 2931 725 3019 Georg.
741 2935 857 2999 Maiore
874 2950 918 2997 est
934 2934 1053 3016 Torgae
1069 2939 1101 2996 in
1116 2941 1202 3013 sula,
1230 2937 1283 2996 ubi
1299 2939 1401 2998 scribit
1415 2935 1563 2996 iudicium
1577 2932 1615 2994 de
1630 2931 1786 3014 colloquio
1801 2921 1958 2990 Ratisbon.

125 3039 187 3101 16·
219 3035 335 3100 Gratim
347 3043 409 3120 agit
423 3037 630 3122 Regi-Daciae
646 3061 701 3122 pru
721 3043 767 3108 60
782 3036 995 3118 Ioachimicis,
1021 3038 1103 3100 douo
1118 3041 1256 3120 acceptis·
1331 3103 1350 3120 Μ
1375 3119 1379 3126 1
1717 3021 1724 3032 ’

124 3141 184 3202 19.
220 3138 367 3222 Georgius
383 3139 482 3204 Maior
500 3155 530 3206 et
541 3138 728 3216 Laurentius
743 3141 832 3204 Zocb
846 3146 1075 3225 proficiscuntur
1089 3143 1127 3205 ad
1144 3151 1327 3204 conventum
1339 3133 1497 3202 Ratisboo.

124 3243 183 3304 23·
216 3243 290 3308 Mel.
311 3245 487 3306 mandatum
505 3245 598 3308 babet
612 3249 763 3324 aulicum,
782 3259 823 3307 ut
838 3248 945 3307 scribat
959 3247 1175 3307 recusationem
1191 3247 1313 3306 concilii
1330 3224 1510 3304 Tridentini.
1562 3233 1631 3298 Hoc
1650 3233 1699 3295 die
1715 3229 1888 3296 Lutherum
1904 3239 2056 3311 postremo
2069 3225 2146 3289 vidit

268 3348 437 3424 virentem,
471 3359 506 3408 ut
527 3353 592 3430 ipse
615 3361 741 3410 testatur
760 3353 793 3408 in
817 3351 904 3430 epist.
927 3349 964 3410 ad
985 3347 1151 3410 Besoldum
1176 3349 1206 3409 d.
1225 3347 1255 3412 d.
1282 3353 1339 3414 23.
1363 3341 1428 3405 lan.
1454 3341 1560 3412 1547.
1586 3327 1641 3386 ¹·-
1696 3333 1769 3398 Mel·
1792 3335 1945 3397 liborflbfli
1964 3331 2145 3392 'deludim-

267 3445 335 3510 Hoc
357 3449 407 3512 die
421 3445 572 3511 botlenus
593 3454 650 3512 iter
663 3456 813 3532 ingressus
829 3465 872 3514 est
889 3447 1109 3514 Mensiisldiam·
1160 3447 1213 3514 Sic
1234 3451 1337 3510 scribit
1352 3442 1531 3508 Mattbesins
1553 3446 1586 3503 in
1607 3443 1668 3502 vita
1683 3436 1824 3503 Lutheri.
1877 3431 1939 3498 Sed
1954 3435 1991 3495 de
2005 3431 2145 3498 Wettius

266 3563 369 3631 potat,
403 3547 576 3614 Loiherum
600 3554 630 3616 d.
649 3555 707 3622 24.
727 3551 858 3616 ianuarii
879 3555 1048 3635 proiectum
1074 3576 1156 3630 esse,
1187 3576 1221 3614 ea
1243 3553 1280 3612 de
1302 3572 1390 3611 causa
1416 3549 1469 3630 (de
1484 3546 1584 3610 Weo.
1601 3567 1671 3626 epp.
1690 3538 1789 3620 Lmh.
1803 3537 1846 3604 V.
1870 3563 1900 3622 p.
1916 3533 2082 3613 XXIV·)‚
2109 3547 2145 3598 ul

267 3653 367 3715 sudis:
402 3651 509 3732 „brut
528 3650 632 3734 ictber
655 3653 772 3730 iotribt
793 3669 861 3719 com
879 3654 1004 3734 25ilru,
1034 3672 1063 3721 et
1082 3653 1126 3734 lep
1144 3651 1228 3736 deute
1244 3671 1294 3718 om
1313 3660 1332 3734 8
1352 3651 1412 3733 illis
1431 3651 1459 3716 iu
1478 3643 1565 3734 pulis
1584 3645 1813 3728 angetcmmrm
1846 3655 1931 3706 uror
1948 3653 1978 3705 tt
1991 3635 2144 3714 nunnict

266 3751 353 3834 snei
379 3748 462 3838 ssoge
485 3758 655 3836 cassinus
677 3771 758 3833 tuat.
787 3757 816 3833 ic
839 3755 936 3832 trtius
960 3775 990 3820 st
1006 3773 1055 3822 cut
1076 3755 1181 3836 Milan
1196 3753 1264 3820 ab.''
1292 3793 1342 3805 -
1383 3751 1482 3816 'Putat
1501 3751 1623 3836 quidem
1639 3745 1850 3823 deWeuins,
1881 3741 2054 3806 Lntherum
2069 3742 2144 3801 hora

266 3869 369 3917 octavu
393 3861 565 3938 vespertino
582 3857 702 3930 lislam⁸
714 3860 884 3937 advenisse3
918 3861 970 3920 sed
989 3865 1052 3921 sine
1068 3861 1160 3920 dubio
1178 3859 1253 3920 bora
1271 3864 1302 3922 8.
1322 3860 1477 3917 matulina
1493 3877 1529 3915 eo
1546 3857 1638 3918 venii·
1691 3847 1846 3914 Luiherm
1864 3845 2145 3908 0¹¹111¹⁸d¹¹¹0¹⁰¹¹¹

266 3959 297 4020 d.
317 3961 375 4025 25.
395 3956 459 4022 lan.
477 3963 597 4040 scribit:
633 3955 731 4038 „ibit
754 3959 814 4040 iub
841 3959 951 4042 brute
973 3979 1024 4026 um
1049 3961 1112 4030 cut
1133 3959 1193 4041 libs
1213 3977 1247 4040 tu
1264 3955 1350 4042 polle
1366 3959 1559 4035 ortiommtn,
1591 3957 1660 4018 obet
1682 3942 1803 4044 [pecte]
1828 3949 1899 4022 nod)
1918 3943 2145 4024 ulciscuntur

265 4055 426 4142 pelopum
459 4063 534 4128 teuc
559 4065 591 4126 rt
615 4059 768 4144 beurgum
789 4065 847 4127 unt
869 4062 929 4128 rint
955 4061 1043 4144 grcfie
1060 4057 1309 4139 ibieosrtooietiu
1336 4059 1391 4126 uit
1415 4055 1632 4136 {bostrensem
1650 4059 1711 4118 out
1735 4049 1843 4136 cufim
1860 4045 2036 4138 Qlticsclltu
2055 4045 2143 4126 (Sale

266 4163 448 4243 exundans).
500 4161 553 4232 &c
576 4161 698 4228 icnutcn
724 4162 778 4228 uit
803 4167 874 4233 coo
894 4161 969 4234 nint
993 4163 1099 4228 uirbis
1116 4161 1350 4242 turiidlcmcrm
1370 4173 1426 4228 ocu
1446 4174 1545 4239 utum
1562 4159 1611 4222 bet
1624 4153 1755 4232 dilutio.
1788 4149 1907 4234 cruitur
1925 4148 1984 4228 clia
2003 4167 2037 4231 tu
2054 4146 2144 4233 uste

264 4261 395 4343 lmiitbttl
417 4265 470 4330 btn
495 4263 633 4340 {Boiitttt
651 4263 720 4342 iiiii?
743 4266 872 4347 iitgtn.”
927 4263 1005 4328 Satis
1030 4269 1221 4348 perspicuum
1246 4277 1305 4342 est,
1339 4267 1497 4346 epistolam
1516 4266 1686 4344 vespertino
1710 4273 1846 4340 tempore
1869 4277 1932 4319 esse
1951 4259 2092 4336 scriptam
2114 4266 2145 4314 et

264 4386 382 4426 narrare
404 4369 636 4450 impedimenta,
669 4389 745 4451 quaa
766 4373 844 4432 iuter
867 4369 923 4430 boo
942 4367 990 4428 die
1011 4371 1230 4451 impedirerint.
1304 4363 1375 4432 Nou
1398 4371 1493 4449 igitur
1515 4367 1592 4445 lrora¹
1614 4377 1719 4425 octava
1740 4363 1932 4442 vespertina,
1964 4359 2019 4432 ubi
2041 4379 2143 4418 mensa

264 4462 404 4529 ianuario
424 4492 513 4533 nemo
536 4475 569 4533 iu
590 4475 696 4561 itinera
717 4475 886 4552 periculoso
910 4493 1032 4553 pergere
1051 4477 1144 4548 solet,
1179 4473 1229 4532 sed
1250 4475 1396 4532 matutina
1412 4469 1521 4530 Holam
1537 4471 1629 4530 venit.
1681 4461 1853 4527 Lutherum
1870 4475 1974 4523 sutem
1988 4461 2065 4519 duos
2080 4460 2143 4518 dies

263 4572 295 4630 iu
317 4575 424 4632 itinere
446 4576 661 4650 consumsisse,
688 4586 717 4634 et
737 4574 785 4634 die
800 4578 887 4636 tertio
902 4595 989 4634 mune
1003 4576 1125 4635 demum
1140 4574 1249 4634 Heium
1266 4578 1380 4634 venisse
1392 4575 1563 4635 verosimile
1579 4581 1633 4630 est.
1683 4563 1802 4629 Diserte
1818 4567 1891 4626 dicit
1907 4561 2044 4624 Muldam
2061 4581 2143 4642 quo-

264 4693 335 4756 que,
361 4694 436 4756 quae
452 4677 551 4736 madia
570 4679 636 4736 fluit
652 4681 729 4736 iuter
743 4674 967 4757 Willebergam
982 4691 1011 4738 et
1028 4676 1149 4754 lislam,
1168 4677 1254 4738 valde
1271 4678 1446 4738 exundasse.
1499 4671 1559 4736 lter
1575 4675 1668 4754 igilur
1684 4671 1887 4732 exundatione
1901 4665 1992 4725 huius
2009 4665 2142 4724 fluminis

265 4775 448 4856 rapidissimi
467 4779 584 4840 ridetur
608 4779 788 4860 impeditum
808 4802 881 4842 esse.
931 4777 1061 4841 Accedit
1087 4780 1169 4862 quod
1192 4801 1293 4842 mense
1308 4775 1448 4842 Ianuario
1466 4783 1521 4838 lux
1539 4778 1599 4837 diei
1614 4777 1712 4835 brevis
1726 4771 1823 4832 adhuc
1839 4781 1903 4846 est,
1932 4779 1961 4827 et
1978 4765 2062 4849 quud
2075 4769 2141 4826 riae

263 4879 320 4938 illu
340 4889 477 4960 tempore
491 4893 575 4942 eraut
592 4884 656 4943 luto
674 4883 826 4966 squalidos
842 4896 872 4944 et
887 4885 1013 4944 celerem
1029 4876 1149 4944 cursum
1163 4879 1375 4966 impediebant.
1429 4877 1524 4960 Qu'cd
1539 4884 1564 4940 si
1583 4881 1676 4960 igitur
1691 4871 1844 4936 Lutberus
1860 4889 1922 4931 nou
1939 4871 2038 4952 primo
2053 4889 2142 4928 marre

265 4978 316 5038 sed
340 4980 401 5039 lire
426 4983 499 5044 bora
520 4998 624 5045 octava
645 4988 693 5045 rel
716 5006 796 5046 noca
817 4987 846 5045 d.
864 4991 920 5050 23.
939 4979 1003 5046 Ian.
1027 4987 1083 5047 iter
1104 4990 1253 5067 ingressus
1276 5000 1337 5062 est,
1364 4988 1418 5044 vix
1443 4985 1543 5064 potuit
1558 4977 1697 5063 progredi
1715 4997 1808 5059 usque
1823 4975 1861 5036 ad
1874 4971 2020 5035 bluldarn.
2072 4969 2142 5032 llos

264 5084 356 5162 igitur
377 5086 488 5146 ssmneu
510 5087 542 5148 d.
560 5085 617 5153 24.
635 5091 785 5167 superavit
808 5101 838 5150 et
860 5091 976 5149 venisse
999 5089 1117 5150 videtur
1136 5111 1230 5174 usque
1254 5087 1290 5151 ad
1312 5087 1494 5168 oppidulum
1510 5081 1702 5168 Landsberg‚
1728 5079 1808 5140 uude
1827 5079 1857 5140 l.
1874 5079 1928 5142 25.
1945 5075 2020 5138 bora
2035 5080 2139 5135 amave

267 5189 411 5245 matutine
430 5189 550 5250 advenit
565 5187 684 5251 Halsm.
812 5183 818 5198 '
1906 5198 1909 5207 '

121 5287 181 5352 24·
213 5281 423 5366 landgravius
446 5294 547 5352 scribit
570 5291 607 5352 ad
623 5287 874 5370 Graurellsnum,
905 5313 1056 5354 rumorem
1078 5293 1213 5378 undique
1238 5313 1371 5376 sparsum
1393 5312 1475 5366 esse,
1502 5287 1657 5348 Caesarem
1679 5287 1782 5346 moliri
1804 5273 1918 5343 bellum
1938 5291 2041 5340 contra
2063 5275 2141 5340 Pro-

267 5401 415 5452 initum.

13 5529 14 5542 .
118 5491 179 5554 27.
217 5487 343 5552 initium
361 5495 555 5556 comitiorum
568 5491 844 5560 Retisbouecsium.
873 5527 923 5544 -
974 5491 1162 5560 lilelautbon'
1179 5496 1264 5604 (cum
1286 5501 1354 5560 aliis
1376 5493 1542 5574 theologis)
1568 5492 1669 5552 decem
1696 5473 1792 5552 literis'
1810 5487 1961 5548 mandevit
1981 5487 2092 5548 iudicia
2109 5497 2139 5552 et

264 5597 389 5657 consilia
404 5596 535 5658 adhunc
551 5611 732 5660 conventum
746 5601 919 5680 spectantia.
