4754 6260
236 369 311 452 sos
814 343 1255 456 urrsrontnun
1308 345 1419 424 nro.
1451 346 1508 428 x,
1552 345 1700 426 asts·
1935 348 1940 364 ·
1994 463 2005 476 ι
2203 349 2282 424 coc

246 555 387 623 nostro,
410 557 517 631 quern
531 557 596 626 pro
612 553 670 602 me
684 529 742 623 pie
756 528 919 611 invoces,
944 549 984 596 ac
999 547 1055 592 me
1070 521 1138 594 tibi
1155 544 1237 614 per·
1386 519 1479 594 Cum
1497 535 1615 594 autem
1630 515 1830 591 hisdiebus
1845 533 1968 592 contra
1986 543 2062 591 eam
2077 519 2191 612 legem
2207 519 2285 590 dis-

246 657 353 736 petuo
378 640 662 708 commendatum
686 627 827 704 habeas.
890 627 999 698 Datae
1022 626 1174 717 raptim,
1199 623 1238 690 in
1288 626 1429 695 cesserit
1444 625 1487 697 N.
1505 648 1570 694 nec
1593 623 1738 694 solverit
1763 623 1828 708 iis,
1852 624 1983 715 quibus
2001 623 2122 705 debet,
2149 623 2288 711 relega-

247 741 370 833 vigilia
384 739 591 823 Trinitatis,
616 733 744 818 Anno,
768 729 905 804 scats.
1288 751 1368 796 mus
1388 751 1469 797 eum
1492 729 1535 796 de
1558 726 1732 794 sententia
1754 724 1895 793 consilii
1917 724 2030 792 nostri
2052 746 2093 791 ex
2109 719 2175 792 lsac
2193 724 2289 792 Aca-

1290 829 1424 913 demia,
1455 839 1498 896 nt
1525 827 1618 896 absit
1640 821 1726 896 hinc
1749 826 1957 896 triennium.
2022 821 2101 893 Hoc
2122 825 2286 916 exemplo

250 929 1242 968 *W
1291 927 1560 1002 commonefacti
1579 927 1707 998 caeteri
1728 928 1862 997 maiore
1885 927 1954 995 fide
1978 937 2153 1018 praestent
2179 926 2290 995 iusti-

263 1081 337 1154 No.
350 1074 463 1150 35¹7·
1107 1055 1167 1137 26·
1182 1063 1242 1130 lul.
1291 1031 1377 1101 tiam
1402 1029 1524 1106 atalia
1545 1023 1694 1099 honesta
1717 1027 1845 1102 officia.
1900 1024 2013 1097 Datae
2037 1025 2094 1096 dis
2115 1027 2179 1098 20.
2199 1023 2291 1097 Iulii

255 1176 469 1214 nen-a
1105 1161 1244 1191 ww
1292 1155 1388 1202 anuo
1412 1127 1521 1203 1546.

547 1267 554 1278 ·
600 1236 901 1326 Scholasticis.

320 1411 360 1468 Es
371 1407 486 1532 Scriptis
499 1403 614 1480 publicis
627 1399 765 1468 Viteberg.
782 1397 817 1454 T.
831 1395 852 1453 l.
869 1415 903 1480 p..
916 1393 1001 1452 lm·
1022 1423 1053 1440 -
1082 1393 1243 1452 Melantho.

354 1499 418 1538 nem
455 1493 490 1530 oc
508 1475 626 1529 edietum
643 1467 853 1540 conscripsisse,
876 1485 922 1522 vu
940 1465 1053 1520 dubiem
1072 1473 1123 1520 est.
1158 1463 1244 1522 Cant.

356 1544 528 1618 etism‘epist.
542 1543 576 1597 sd
590 1539 822 1608 Seidemannnm,
839 1553 909 1608 qvas
921 1535 1053 1624 seqnitur.
1305 1552 1373 1628 No·
1388 1552 1500 1625 35¹8·
1859 1503 1862 1510 ⁴
2035 1533 2040 1540 ¹
2102 1573 2108 1580 ·
2137 1565 2199 1628 ῃ,
2212 1553 2281 1622 Μ,

136 1703 140 1714 ’
252 1669 1248 1816 RectorAcademiaeMIo'lsannesMarcellus,
1300 1651 1514 1688 m
2014 1691 2016 1696 ·
2123 1649 2291 1676 *ν

253 1849 407 1936 Durate
429 1861 463 1926 et
478 1855 609 1922 vosmet
625 1841 732 1917 rebus
746 1849 885 1913 serrata
898 1832 1077 1910 secundis.
1128 1836 1248 1927 Quam

254 1969 300 2038 ad
315 1985 411 2054 spem
424 1979 500 2028 non
514 1965 655 2024 tantum
667 1943 834 2018 humanis
847 1942 1046 2014 rationibus
1059 1939 1247 2030 erigamur,

256 2069 316 2138 sed
330 2065 374 2132 iis
388 2052 703 2134 consolationibus,
718 2043 912 2140 quasDeus
924 2042 1119 2135 proposuit.
1145 2041 1248 2112 Sern-

211 2195 214 2206 ·
256 2191 322 2262 per
342 2165 507 2243 fuerunt,
532 2165 616 2225 sunt
633 2164 668 2223 et
683 2160 788 2220 erunt
805 2145 925 2236 magni
943 2145 1117 2214 tumultus
1134 2143 1249 2234 impe-

257 2265 414 2346 riorum,
439 2259 526 2330 alias
547 2254 644 2326 alibi.
695 2249 795 2321 Inter
808 2242 872 2317 has
888 2260 923 2317 et
936 2240 1095 2316 Ecclesia
1111 2244 1249 2328 duriter

258 2377 461 2466 quamtum
493 2380 601 2452 <luam
630 2367 748 2426 '³¹⁸⁸ss
763 2349 980 2420 ‘mirabffim
1005 2359 1122 2418 mal
1142 2344 1250 2430 Deus,
1297 2329 1341 2426 S.
1366 2346 1412 2420 D.
1463 2345 1620 2438 Fingant
1638 2345 1700 2417 alii
1722 2369 1845 2418 causas
1863 2347 1952 2418 belli
1969 2361 2011 2422 ut
2028 2348 2176 2437 volunt,
2200 2343 2298 2422 hanc

257 2485 300 2545 nt
321 2463 475 2538 servavit
490 2471 641 2531 stantem
654 2456 749 2524 inter
761 2473 933 2544 aquarum
949 2464 1088 2519 montes
1102 2449 1142 2518 in
1158 2447 1250 2518 mari
1299 2450 1524 2545 praecipuam
1540 2472 1613 2520 esse
1626 2471 1701 2519 non
1716 2448 1867 2520 dubium
1882 2461 1944 2536 est,
1969 2473 2061 2544 qnae
2074 2451 2240 2547 pingitur
2256 2453 2297 2522 in

257 2573 381 2648 rubro.
431 2561 523 2636 Cum
544 2559 652 2650 igitur
667 2569 801 2626 certum
817 2553 885 2636 sit,
910 2563 1092 2622 mansuras
1106 2573 1180 2620 esse
1193 2571 1250 2618 re-
1300 2554 1451 2627 lectione
1481 2549 1655 2623 hodierna
1691 2547 1889 2640 Evangelii.
1949 2549 2051 2624 Sicut
2082 2548 2296 2626 Pharisaeus

260 2671 388 2768 liquias
412 2661 590 2736 Ecclesiae
613 2655 703 2742 Dei,
736 2669 771 2726 et
797 2654 942 2748 quidem
972 2653 1026 2722 ihi
1053 2670 1251 2736 mansuras,
1300 2655 1436 2726 fastidit
1451 2650 1634 2725 Christum
1650 2675 1731 2724 cum
1745 2651 1957 2726 muliercula
1975 2653 2050 2724 eius
2065 2656 2173 2746 pedes
2187 2657 2297 2726 blan-

260 2777 465 2862 nbicunque
495 2760 638 2834 sonabit
665 2781 734 2828 vox
760 2751 967 2846 Evangelii,
1002 2767 1037 2823 et
1067 2755 1251 2826 doctrinae
1301 2757 1444 2828 dissime
1460 2756 1639 2826 osculatur
1653 2767 1688 2824 et
1702 2755 1819 2845 ungit:
1845 2755 1943 2826 itaet
1958 2769 2098 2826 nostros
2113 2757 2297 2850 principes

260 2875 377 2952 studia
398 2879 530 2958 erunt,
562 2869 638 2932 non
649 2858 872 2928 abiiciamus
897 2857 1036 2936 literas,
1068 2879 1134 2926 nec
1158 2852 1251 2925 hanc
1302 2860 1373 2930 iam
1389 2861 1542 2928 oderunt
1555 2845 1759 2952 hypocritae
1771 2857 1960 2948 praecipue
1973 2857 2020 2928 ob
2032 2851 2126 2928 hanc
2139 2843 2298 2944 causam,
2373 2925 2374 2934 ,

259 2991 418 3052 nostram
444 2966 609 3038 militiam
630 2962 851 3042 deseramus,
884 2957 945 3024 sed
968 2958 1064 3026 bona
1088 2981 1169 3027 cum
1191 2977 1252 3049 spe
1303 2961 1400 3054 quod
1430 2960 1615 3030 veritatem
1638 2981 1797 3029 amamus
1819 2971 1855 3028 et
1875 2954 2011 3030 Christi
2032 2959 2138 3051 pedes
2161 2961 2300 3032 nostris
2373 2949 2374 3018 ἶ

260 3075 454 3154 serviamus
467 3061 567 3152 Deo',
591 3061 699 3134 etiam
718 3059 812 3129 inter
827 3079 926 3128 arma
943 3069 978 3126 et
991 3057 1086 3128 inter
1099 3058 1252 3131 classica.
1302 3061 1468 3156 lacrymis
1492 3060 1661 3132 lavamus.
1719 3058 1808 3130 Sum
1829 3060 1870 3128 in
1885 3051 1924 3158 *)
1946 3059 2140 3153 tranquillo
2164 3061 2299 3146 animo,
2373 3049 2374 3098 ³

260 3181 477 3255 Misceamus
490 3181 610 3238 aulem
624 3161 752 3233 ⁸1¹¹‘ffi5
767 3158 918 3250 Semilffi
932 3171 967 3230 ⁰²
981 3171 1074 3244 mla,
1100 3175 1136 3232 el
1147 3161 1252 3230 nobis
1304 3175 1339 3236 et
1355 3187 1458 3255 spero
1473 3162 1687 3232 mediocrem
1699 3160 1831 3232 exitum
1845 3161 1953 3249 belli,
1977 3175 2013 3232 et
2027 3175 2121 3244 tum,
2134 3155 2222 3234 *Deo
2239 3162 2299 3234 iu·

166 3283 170 3288 ’
260 3281 354 3354 hanc
369 3274 438 3348 Dei
452 3291 576 3340 vocem
590 3263 823 3334 inculcemus:
852 3257 1105 3330 convertimini
1118 3255 1253 3348 adme,
1303 3278 1420 3350 vante,
1444 3264 1607 3334 animum
1621 3263 1669 3333 ad
1682 3285 1916 3334 omnescasus
1931 3263 2096 3334 serendos
2111 3283 2300 3358 praeparo,

237 3459 241 3474 ,
264 3393 296 3457 tl
314 3402 379 3475 ⁶3⁰
392 3375 580 3444 mmm?
593 3357 650 3435 “d
662 3385 734 3436 ⁰⁰⁸·
880 3385 884 3398 '
1304 3366 1473 3440 Nondum
1488 3365 1700 3436 discedimus
1716 3359 1820 3450 lunc,
1841 3377 1876 3436 et
1889 3359 2006 3436 adhuc
2020 3365 2210 3436 mediocris
2226 3366 2301 3436 sre-

363 3473 541 3550 Dffltifflus
554 3470 673 3560 ἷῑθίὶῑῑθ
688 3463 790 3534 V⁰b5⁸
806 3461 1074 3550 Slgflffifflssdum
1092 3487 1183 3545 ⁰³⁸0,
1209 3467 1254 3536 dt
1304 3468 1449 3562 quentia
1477 3479 1590 3538 estet
1617 3465 1867 3558 tranquillitas.
1925 3463 2033 3554 Quod
2055 3489 2141 3538 vero
2162 3467 2300 3554 abeunt
2372 3459 2373 3526 ἶ

264 3579 478 3674 migratione
506 3581 627 3641 nostra
651 3560 744 3651 nihil
766 3560 937 3635 hactenus
962 3565 1142 3635 decretum
1169 3589 1255 3651 esse,
1306 3570 1410 3640 multi
1430 3582 1492 3639 aut
1513 3591 1589 3638 non
1611 3567 1762 3638 studiosi
1785 3581 1848 3638 aut
1868 3591 1942 3639 non
1957 3567 2122 3639 instructi
2134 3570 2301 3660 pecunia,

266 3705 402 3777 nosque
419 3675 597 3764 deinceps,
616 3669 730 3738 donec
742 3664 839 3737 Deus
853 3667 1033 3750 concedet,
1058 3662 1116 3736 liic
1131 3690 1255 3759 operas
1305 3671 1345 3742 fit
1360 3671 1466 3740 etiam
1481 3691 1539 3738 me
1552 3662 1727 3739 hortante.
1764 3665 1892 3740 lubeas
1906 3669 1990 3738 forti
2004 3669 2124 3740 animo
2140 3692 2215 3740 esse
2230 3695 2302 3740 no-

265 3775 656 3862 scholasticaslacturos
671 3790 755 3841 csse.
791 3765 999 3836 Nectamen
1015 3763 1257 3858 prohibemus,
1307 3786 1398 3844 stros
1413 3771 1557 3856 andros,
1575 3767 1622 3843 D.
1637 3763 1914 3856 Sebastianum,
1938 3767 1984 3842 D.
1996 3763 2232 3868 Philippum,
2255 3769 2302 3846 D,
2371 3825 2372 3846 ,

265 3915 338 3987 qno
354 3883 475 3956 minus
488 3874 682 3955 discedant,
705 3869 735 3938 si
750 3869 813 3962 qui
827 3868 966 3939 malunt
979 3870 1068 3940 alibi
1082 3893 1156 3940 esse
1167 3893 1257 3963 qua-
1286 3877 1289 3886 “
1307 3866 1540 3947 Martinam.
1590 3869 1700 3943 Mitto
1722 3872 1824 3942 vobis
1838 3872 2021 3959 libellum,
2044 3873 2108 3966 qui
2124 3873 2302 3962 magis-ad

266 4010 405 4083 cunque
431 3984 474 4051 de
494 4000 610 4050 causa.
661 3970 738 4042 Illis
756 3993 841 4041 vero
859 3969 923 4062 qni
938 3972 1067 4042 adsunt
1082 3971 1258 4064 praecipi·
1309 3976 1544 4046 consolandos
1558 3971 1637 4064 pios
1651 3972 1803 4064 scriptus
1818 3987 1881 4060 est,
1901 3993 2011 4068 quam*
2022 3987 2065 4045 nt
2083 3972 2302 4045 deTriden-

267 4115 364 4175 mus;
382 4097 439 4157 nt
458 4081 529 4152 sint
551 4071 744 4152 moderati,
770 4071 979 4142 nouaclum
999 4085 1041 4143 ut
1055 4074 1142 4142 urbs
1157 4085 1258 4144 nan-
1308 4077 1388 4149 tina
1407 4077 1542 4172 synodo
1566 4073 1679 4146 multa
1702 4073 1883 4166 disputet„
1900 4099 1990 4169 quae
2011 4100 2088 4146 non
2108 4087 2162 4146 cst
2174 4071 2302 4146 Eccle-

268 4191 416 4289 quillior
431 4184 487 4268 sit,
504 4179 607 4272 ¹cuius
622 4175 675 4245 rei
690 4187 809 4245 tamen
824 4167 987 4242 habenda
1003 4187 1054 4244 est
1068 4175 1173 4261 ratio,
1196 4175 1257 4246 sed
1308 4180 1379 4248 siae
1402 4177 1612 4259 concilium,
1644 4175 1706 4244 sed
1732 4171 1854 4274 ἀγορὰ
1879 4167 2083 4274 κερκόπων.
2142 4174 2245 4247 Bene
2268 4191 2302 4248 et

268 4295 381 4368 multo
402 4283 532 4372 magis,
557 4292 599 4349 ut
621 4275 857 4367 poenitentiae
873 4273 1165 4364 significationem
1180 4301 1259 4346 mo-
1308 4274 1707 4362 felicitervals.1546.¹
2047 4335 2051 4341 ,
2370 4327 2371 4368 ,

267 4396 379 4470 ‹testia
394 4407 537 4458 mamm
551 4377 723 4450 ostendat.
2098 4373 2167 4455 Ph·
2192 4377 2252 4450 M·
2370 4375 2371 4403 t

370 4490 463 4562 Nam
484 4505 566 4565 eos,
595 4477 659 4572 qui
682 4499 757 4545 non
779 4489 863 4545 vere
882 4476 1258 4565 nobiscnminvucant

267 4599 405 4677 Deum,
429 4607 496 4657 nec
516 4577 755 4673 poenitenciae
775 4575 892 4647 officia
905 4571 1048 4664 curant,
1072 4580 1258 4652 mallemus
1315 4629 2305 4646 mm

269 4695 395 4795 procul
423 4713 442 4760 a
473 4683 578 4756 nobis
603 4682 743 4761 abesse,
774 4699 881 4770 quam
902 4677 998 4750 inter
1022 4703 1089 4750 nos
1112 4682 1257 4755 versari.

269 4803 348 4875 Illis
377 4813 484 4873 vero,
516 4783 579 4878 qui
606 4777 793 4852 discessuri
816 4791 918 4864 sunt,
948 4783 1172 4866 mandamus,
1204 4795 1259 4866 nt,
1309 4799 1377 4883 Nm·
1392 4793 1540 4882 3512·
1805 4821 1813 4836 .
1923 4787 1930 4798 ¹
2123 4821 2135 4844 ,
2166 4811 2303 4884 πω.

228 4975 233 4985 ,
271 4901 369 4997 quod
391 4894 524 4963 iustum
547 4897 615 4968 est,
642 4879 856 4951 satisfaciant
877 4879 941 4965 iis,
965 4883 1096 4975 quibus
1116 4882 1258 4956 debent.
1315 4901 1489 4936 *ἢ*
2172 4907 2305 4932 Μ

271 5003 327 5078 De
345 4994 520 5069 locatione
541 4985 646 5058 ctiam
668 4981 780 5052 sciant
793 4998 941 5064 omnes,
969 4984 1123 5075 quinon
1140 4997 1259 5054 exuu-
1601 5001 1665 5088 M·
1694 5001 2005 5119 Meienburgio·

1585 1716 1656 1839 xM.
1683 1731 1986 1840 S'eidemanno.

1365 1921 1388 1992 ’ς
1404 1919 1443 1974 Ει
1455 1935 1551 1992 apogr.
1564 1917 1593 1974 in
1602 1917 1668 1976 cod.
1682 1916 1766 1975 Goth.
1777 1915 1842 1976 899.
1853 1936 1881 1992 p.
1895 1915 1953 1976 tst.

1296 2065 1522 2182 Clarissimo
1557 2091 1635 2164 viro
1667 2088 1837 2166 doctrina
1870 2101 1902 2164 et
1929 2089 2058 2165 virtute
2079 2095 2298 2192 praestanti

1412 2193 1468 2269 D.
1494 2191 1716 2267 Martino
1741 2191 2088 2291 Seydemanno,
2113 2205 2177 2276 etc.

272 5109 426 5182 duntur,
451 5091 511 5163 sed
528 5111 591 5160 sna
607 5097 731 5176 sponte
746 5083 918 5170 migrant,
942 5084 1150 5176 pensionem
1166 5085 1260 5156 inte-

273 5229 371 5300 gram
383 5222 449 5292 pro
463 5187 622 5264 semestri
641 5186 776 5256 solvere
793 5184 936 5254 debere.

373 5301 557 5373 Postremo
579 5291 809 5358 admonemus
822 5307 885 5354 vos
899 5286 1032 5357 decreti
1045 5287 1191 5373 veteris,
1216 5289 1261 5358 de

272 5431 382 5482 nervo
404 5389 659 5518 iufiSdictionis
682 5399 840 5464 nomae’
871 5409 916 5454 ne
941 5387 1020 5480 (μὴ
1041 5389 1197 5462 diffidat
1219 5413 1260 5460 ex
1346 5445 1376 5520 *)
1394 5401 1544 5520 mquidem
1559 5445 1787 5516 musicamne
1800 5445 1859 5504 sins
1876 5443 1961 5504 dnbio
1974 5443 2130 5504 armando.
2157 5445 2308 5520 Scripsitns

271 5511 477 5584 vadimomo
491 5519 555 5568 scu
570 5501 706 5572 aresta,
729 5500 771 5556 ut
784 5499 923 5560 vocant.
1379 5515 1557 5598 mmm,
1580 5515 1710 5572 &mm
1831 5559 1836 5570 ³

1379 5165 1463 5242 aaa
1480 5165 1529 5222 un
1541 5167 1574 5222 v.
1593 5185 1620 5240 p.
1633 5165 1696 5222 ros.
