4754 6260
275 338 351 413 26³
852 341 1286 426 EPISTOLARUM
1336 351 1445 428 uta.
1474 353 1519 429 Χ.
1575 355 1706 432 1646.
2239 367 2304 442 161

281 534 368 582 care.
419 511 597 588 practicae
619 518 815 590 multorum
837 541 977 611 sparsae
998 545 1063 614 per
1078 545 1154 594 sese
1171 543 1276 594 ruere
1321 524 1411 596 duis
1422 526 1611 616 gemitibus
1630 542 1665 600 et
1682 529 1773 602 votis
1790 555 1872 617 oro,
1896 543 1938 604 nt
1951 531 2112 606 restituat
2125 533 2304 605 salutarem

279 614 413 700 soirnt,
442 629 531 710 quae
557 617 741 689 interdum
761 625 992 713 repugnando
1015 625 1125 714 magis
1151 647 1276 695 accen·
1321 649 1441 721 pacem
1455 623 1512 698 his
1528 629 1703 719 gentibus.
1726 629 1824 702 Bene
1838 634 1927 710 vale.
1956 630 2025 704 Die
2040 631 2076 710 4.
2090 633 2265 707 Novemb.

282 719 427 790 duntur.
478 716 578 788 Beue
596 732 631 790 et
644 721 796 792 feliciter
812 722 900 798 vale.
951 722 1110 797 Salutem
1126 739 1212 821 opto
1229 722 1276 801 D.
1775 729 1964 826 Philippus
1989 732 2215 813 Melanthon.

282 809 417 904 Rivio,
441 820 556 890 amieo
572 834 706 899 nostro.
730 823 766 897 8.
780 821 970 895 Novembr.
1058 833 1061 840 '
1706 831 1715 837 ’
1901 889 1903 893 -

1104 923 1146 1001 Ρ.
1172 923 1226 998 Μ.

1332 1062 1400 1138 Νο.
1422 1061 1536 1140 8597.
2155 1085 2192 1146 6.
2208 1076 2284 1142 Nor.

1325 1159 1539 1201 Μ
2133 1166 2300 1200 Μ

1616 1231 1698 1317 ¹lo.
1730 1232 1992 1322 Mettica-sio.

1094 1325 1266 1448 Q
1379 1383 1474 1457 ‘El’l'b
1487 1385 1579 1471 litun.
1588 1389 1672 1514 8086·
1692 1389 1768 1458 (edit.
1783 1391 1875 1452 Lond.
1886 1390 1933 1446 lib.
1942 1389 1977 1448 ll.
1990 1411 2033 1462 ep.
2043 1391 2111 1460 m),
2126 1419 2160 1438 -
2187 1395 2304 1467 ΛΜ,

626 1523 684 1610 E
716 1519 922 1612 Wellem·
1423 1454 1586 1525 pbonmco
1607 1456 2066 1532 .M0nacs⁷.1t0.V,p.1stb.

1561 1587 1778 1688 Iohanni
1805 1612 2073 1692 Matthesio

351 1687 1275 1830 &sibillinirlliall’idplidnndllldelialiltldbeitalliitltmiicbee
1319 1725 1364 1816 S.
1389 1741 1434 1820 D.
1485 1744 1562 1818 Scis
1584 1747 1759 1818 infinitam
1778 1773 1850 1820 esse
1865 1746 2091 1840 sophisticam
2136 1767 2171 1824 et
2186 1778 2304 1847 quam-

485 1797 494 1828 i
648 1797 657 1830 i
965 1797 974 1834 2
2099 1807 2111 1838 i

384 1831 461 1885 ¹⁷⁰⁸·
479 1849 508 1902 P·
523 1829 584 1886 ⁸⁰9·
1318 1847 1407 1920 libet
1423 1847 1592 1918 absurdas
1605 1873 1725 1920 causas
1738 1851 1973 1944 plausibiliter
1988 1853 2110 1924 ornari
2125 1878 2239 1945 posse,
2254 1859 2305 1926 sed

546 2003 553 2022 .
743 2001 781 2020 ..
940 2000 948 2020 .
1257 2001 1265 2018 .
1319 1971 1382 2038 ego
1398 1971 1520 2018 verum
1535 1971 1608 2018 esse
1621 1974 1695 2021 non
1709 1952 1846 2038 dubito,
1862 1976 1942 2022 cum
1956 1947 2023 2023 bae
2035 1956 2197 2045 regiones
2212 1960 2306 2029 nulla

279 1999 492 2123 Reverfmh
516 2028 611 2124 ‘’in'’
643 1999 846 2076 “admone
861 2012 894 2074 ἰ
911 2011 1039 2075 mmm
1053 2010 1276 2120 memmi
1318 2049 1450 2119 iniuria
1464 2051 1601 2121 viciuos
1615 2053 1807 2138 affecerint,
1832 2054 1962 2126 iniuste
1978 2043 2084 2127 nobis
2099 2057 2236 2128 bellum
2255 2061 2305 2129 in-

279 2103 449 2180 Dommo
481 2103 803 2203 Hieronymo
835 2099 1092 2182 Walters
1115 2099 1273 2177 Dorion

434 2201 681 2302 Theologiae,
707 2205 907 2280 amicosne
920 2204 1124 2294 carissimo,
1149 2231 1150 2236 ¹

1318 2150 1422 2237 ferri,
1447 2163 1483 2220 et
1501 2153 1706 2242 sanguinem
1726 2171 1886 2226 nostrum
1901 2157 2026 2246 expeti.
2077 2157 2200 2252 Teque
2218 2175 2304 2232 recte

1318 2252 1538 2345 respondisse
1557 2250 1583 2348 ¹)
1603 2277 1742 2325 censeo.
1779 2255 1852 2325 Nec
1866 2255 1948 2328 licet
1961 2281 2058 2328 nuuc
2071 2258 2303 2348 narrandae,

278 2339 327 2432 S.
352 2353 399 2431 D.
455 2353 665 2427 Reverendo
689 2359 724 2428 d.
748 2357 872 2428 doctor
893 2369 929 2426 et
949 2356 1060 2428 amice
1085 2352 1273 2428 carissime.
1317 2356 1380 2423 sed
1394 2355 1432 2422 in
1450 2357 1541 2423 veris
1554 2357 1738 2425 sententiis
1755 2359 1884 2426 tuenda
1899 2371 1950 2428 est
1966 2361 2172 2436 constantia.
2205 2361 2304 2434 Nunc

281 2457 429 2530 Gaudeo
458 2480 574 2526 meam
602 2457 669 2528 tibi
699 2459 918 2529 voluntatem
943 2459 987 2528 de
1011 2470 1157 2548 cognato
1182 2457 1272 2526 reci·
1316 2454 1545 2544 magis-tuam
1560 2452 1592 2551 ²)
1616 2456 1825 2526 sententiam
1848 2457 2076 2550 probabis³),
2106 2486 2188 2532 cum
2210 2466 2304 2534 vides

279 2560 410 2654 piendo
426 2573 560 2648 gratam
577 2581 660 2646 esse,
685 2582 726 2631 ac
739 2583 820 2630 vere
834 2558 1021 2630 adfirmare
1033 2581 1189 2650 possum,
1215 2581 1271 2627 me
1317 2570 1489 2650 cognatos
1505 2557 1598 2628 inter
1623 2580 1658 2628 se
1685 2557 1910 2629 mirabilibus
1934 2559 2090 2632 artificiis
2115 2566 2303 2649 committi3

279 2685 416 2752 semper
428 2657 596 2732 Ecclesiis
618 2661 741 2732 vestris
763 2674 798 2733 et
815 2659 951 2752 reipub.
967 2651 1096 2730 harum
1111 2660 1271 2751 gentium
1317 2655 1418 2746 Quae
1448 2671 1562 2749 potest
1592 2683 1666 2728 esse
1694 2659 1786 2729 iusta
1810 2683 1930 2745 causa,
1962 2663 2001 2731 in
2021 2677 2189 2753 cognatos
2209 2691 2302 2737 arma

278 2789 320 2838 ex
341 2759 462 2833 animo
485 2762 577 2832 bene
594 2752 758 2834 voluisse.
807 2757 857 2831 Et
873 2774 1030 2847 constat,
1056 2784 1113 2830 me
1131 2761 1271 2830 medio·
1316 2759 1502 2851 capiendi?
1550 2756 1600 2832 Et
1622 2784 1688 2831 nos
1708 2761 1852 2853 quidem
1872 2753 2023 2848 scimni,
2047 2786 2115 2834 nos
2133 2790 2216 2838 vera
2232 2769 2302 2861 pie-

277 2865 395 2938 cribus
416 2862 541 2934 officiis
558 2875 592 2932 et
604 2858 780 2934 Ecclesiae
794 2877 927 2933 vestras
943 2875 978 2932 et
992 2857 1128 2932 scholas
1143 2885 1272 2932 ornare
1316 2872 1386 2932 tate
1401 2882 1532 2930 amasse
1547 2874 1582 2931 et
1596 2861 1744 2932 coluisse
1759 2863 1907 2950 vicinos,
1927 2878 1963 2935 et
1975 2865 2215 2938 mediocribus
2231 2871 2303 2940 offi-

276 2965 461 3040 studuisse.
511 2961 596 3036 Dixi
618 2965 724 3035 etiam
744 2965 936 3034 sententias
957 2986 1058 3054 saepe
1073 2963 1272 3034 moderatas
1315 2960 1379 3032 ciis
1407 2983 1560 3034 ornasse.
1617 2961 1810 3056 Nunquam
1838 2965 1947 3054 igitur
1974 2967 2135 3058 probabo
2167 2974 2304 3040 caedem

276 3081 311 3141 et
324 3066 428 3138 utiles
443 3065 533 3157 paci.
573 3063 678 3136 Nunc
692 3065 802 3150 vides,
827 3064 923 3160 quod
939 3063 1156 3150 incendium,
1180 3089 1271 3159 quo·
1316 3077 1518 3134 nostrorum
1533 3063 1676 3148 civium,
1691 3089 1756 3134 nec
1770 3061 1989 3158 συμμαχίαν
2000 3089 2136 3166 eorum,
2154 3073 2217 3162 qui
2233 3095 2303 3142 cae-

276 3193 358 3241 rnm
390 3166 545 3238 artificiis
572 3166 760 3238 excitatum
793 3165 858 3252 sit,
895 3166 992 3258 quod
1025 3179 1068 3237 ut
1091 3165 1187 3236 Deus
1213 3189 1271 3235 re-
1315 3165 1397 3235 dem
1419 3165 1598 3239 adiuvant.
1649 3165 1689 3237 Si
1712 3167 1791 3237 istic
1812 3191 1888 3236 non
1910 3191 1945 3237 es
1967 3167 2005 3236 in
2028 3182 2125 3254 tuto,
2150 3175 2303 3262 regulam

276 3273 434 3360 stinguat
464 3291 618 3341 oremus.
672 3265 879 3338 Manendus
910 3280 1027 3336 autem
1054 3277 1090 3336 et
1115 3268 1270 3338 orandus
1313 3262 1564 3356 Evangelicnm
1587 3267 1696 3337 nosti:
1728 3264 1777 3337 Si
1793 3266 1955 3338 eiecerint
1979 3293 2040 3340 vos
2061 3291 2110 3341 aa·
2127 3294 2201 3341 uno
2219 3271 2303 3356 loco,

277 3373 383 3443 etiam
397 3363 497 3438 Dux
518 3381 609 3454 erat,
640 3379 683 3440 ut
705 3381 852 3457 cognato
867 3365 1050 3458 sangnini,
1081 3379 1121 3437 ut
1135 3367 1270 3463 patriae
1316 3367 1362 3437 ite
1386 3365 1427 3436 in
1450 3363 1583 3444 alium.
1634 3368 1705 3440 Sed
1726 3369 1908 3441 tamen'ex
1924 3371 2203 3452 ¹circumstantiis
2230 3375 2304 3445 istic

275 3486 318 3544 nt
335 3467 518 3554 Ecclesiis,
537 3483 592 3541 ‚ut
613 3464 852 3560 pulcherrimo
874 3468 982 3538 statui
1002 3461 1129 3537 harum
1153 3468 1271 3560 regio·
1315 3469 1470 3540 iudicare
1484 3470 1625 3562 poteris,
1651 3493 1695 3539 an
1709 3472 1902 3541 necessaria
1918 3471 1965 3570 sit
1980 3473 2154 3564 migratio.
2207 3474 2305 3546 Tuae

275 3597 365 3661 num
387 3581 555 3664 parceret.
613 3567 797 3664 Nusquam
819 3569 858 3639 in
880 3582 955 3639 toto
976 3569 1063 3640 orbe
1085 3581 1270 3655 terrarum,
1314 3570 1406 3641 vitae
1422 3571 1605 3642 consulere
1621 3572 1712 3641 iuste
1728 3573 1879 3663 poteris,
1900 3596 1965 3642 nec
1983 3586 2015 3644 te
2032 3573 2163 3644 retinet
2174 3600 2303 3666 provo-

152 3707 154 3714 v
277 3676 308 3744 si
323 3697 404 3744 vere
418 3672 584 3742 volomus
599 3670 774 3751 indicare,
805 3665 991 3763 pulchrior
1006 3683 1116 3742 status
1131 3667 1188 3740 his
1204 3695 1269 3740 an·
1313 3673 1416 3758 catio,
1435 3674 1480 3743 ad
1494 3697 1600 3764 qnam
1614 3673 1661 3742 ita
1679 3698 1717 3742 rc
1731 3674 1867 3760 offeras,
1888 3673 1919 3743 si
1931 3675 2036 3744 detur
2050 3673 2137 3744 fides
2152 3679 2304 3768 publica.

164 5043 168 5061 .
275 5019 339 5066 cur
358 4992 510 5083 patriae,
541 5015 604 5060 cur
627 4990 783 5081 cognatis
802 4990 937 5060 bellum
954 4991 1136 5061 inseratur.
1186 4985 1262 5060 Hac
1322 5035 1340 5062 η

276 3775 334 3846 nis
349 3774 433 3860 suit,
458 3796 564 3867 quam
581 3773 620 3842 in
636 3767 692 3841 his
708 3772 923 3863 regionibus,
950 3771 1013 3842 nbi
1028 3771 1135 3843 simul
1145 3767 1270 3844 Eeelr-
1312 3774 1409 3845 Deus
1433 3774 1568 3864 mitiget
1592 3775 1655 3844 tibi
1677 3788 1713 3844 et
1735 3775 1839 3846 nobis
1860 3798 2069 3860 aerumnas,
2093 3790 2129 3846 et
2144 3779 2304 3851 restituat

201 3863 205 3870 ’
276 3878 348 3950 siae
369 3888 461 3946 recte
481 3873 662 3946 institutae
677 3888 778 3960 sunt,
803 3887 837 3946 et
851 3875 980 3946 florent
998 3873 1179 3946 doctrinae
1194 3886 1269 3944 stu·
1313 3877 1408 3966 piam
1431 3889 1464 3946 et
1481 3875 1669 3948 salutarem
1689 3900 1819 3968 pacem.
1870 3874 2078 3974 benevale,
2104 3878 2163 3948 die
2178 3879 2215 3954 6.
2232 3881 2304 3951 No·
2359 3907 2360 3988 ἦ

277 3981 353 4066 dia,
377 3999 504 4068 magna
524 3988 576 4047 est
588 3975 802 4048 iudiciorum
817 3974 968 4066 gravitas
984 3989 1018 4048 et
1030 3975 1208 4069 aequitas,
1233 3988 1270 4046 et
1313 3978 1477 4052 vembris.
1826 3971 2257 4068 PhilippusMelantbon.
2359 3999 2360 4078 t

275 4076 463 4152 mediocris
483 4076 692 4169 disciplinae
716 4101 813 4148 cura.
863 4075 960 4148 Haec
980 4076 1075 4149 bona
1094 4075 1126 4147 si
1141 4077 1269 4148 volrrnt
1822 4076 1955 4178 Caspaq
1970 4076 2140 4170 Cruciger
2160 4079 2205 4152 D.
2359 4095 2360 4106 ¹

277 4182 395 4253 delere
411 4191 591 4272 potentes,
616 4180 721 4250 ferrei
735 4192 831 4255 sunt.
1646 4204 1649 4208 ·

267 4295 270 4304 “
379 4278 489 4369 Quod
510 4291 628 4350 autem
651 4279 869 4372 interrogas,
902 4280 989 4374 quid
1012 4279 1155 4352 consilii
1178 4282 1268 4352 dan·
1306 4346 1310 4354 .

174 4443 178 4450 .
276 4388 363 4458 dum
377 4383 424 4455 sit
433 4379 567 4455 vocatis
580 4382 625 4451 ad
640 4381 829 4452 militiam?
852 4395 974 4454 contra
985 4383 1059 4452 vim
1078 4381 1165 4476 quid
1185 4405 1268 4474 pos-
1326 4377 1393 4454 No.
1410 4377 1523 4454 5598.
1890 4397 1894 4404 “
2181 4381 2303 4452 snos.

277 4507 400 4559 sumus
422 4485 506 4556 dare
527 4481 681 4558 consilii.
731 4481 802 4556 Sed
825 4478 893 4554 hoc
915 4483 1045 4565 sciant,
1077 4484 1210 4555 bellum
1231 4508 1267 4554 se
1321 4479 1533 4514 “W
1928 4499 1937 4562 ·,
2089 4551 2090 4556 ,
2174 4473 2305 4500 Μ

275 4588 448 4660 iniustum
463 4583 631 4656 adiuvare
647 4596 770 4655 contra
784 4597 1010 4678 praeceptum
1024 4584 1190 4678 quintum
1204 4585 1266 4668 de·
1495 4655 1502 4663 ,
1668 4541 1712 4630 C·
1736 4541 1970 4628 Pamwnw·
2030 4595 2033 4600 '

276 4689 400 4780 calogi.
450 4682 532 4758 Etsi
547 4699 664 4758 autem
680 4685 854 4757 obiiciunt
869 4687 981 4780 aliqui
998 4685 1122 4774 astuti,
1147 4709 1265 4757 causas
1382 4709 1466 4782 Epio.
1480 4708 1527 4768 tib·
1541 4707 1577 4764 v.
1595 4726 1621 4779 p.
1635 4707 1688 4762 aaa
1698 4723 1740 4778 sq.

275 4791 362 4864 belli
382 4789 548 4884 profanas
570 4803 605 4859 et
625 4787 787 4880 politicas
807 4809 902 4875 esse,
935 4787 1071 4858 etiamsi
1095 4811 1176 4858 vere
1197 4784 1266 4857 hoc
1361 4821 1708 4926 Chrpslophoro
1732 4819 2003 4912 pannonio,
2041 4819 2256 4918 (Theologo
2306 4879 2309 4884 ,

273 4893 461 4976 diceretur,
479 4904 597 4961 tamen
610 4889 692 4960 illae
709 4887 803 4981 ipsae
817 4911 939 4958 causae
952 4911 1027 4958 non
1044 4904 1128 4960 sunt
1144 4888 1266 4971 iustae,
1697 4923 1900 5026 Francos)

274 5099 319 5166 de
340 5119 378 5164 re
399 5094 555 5164 modeste
577 5092 651 5166 edit
672 5090 843 5164 iudicium
867 5112 971 5162 suum
990 5105 1109 5163 noster
1128 5089 1262 5164 Pastor.
1311 5047 1423 5172 3213·
1474 5049 1637 5142 Quadim
1653 5075 1714 5142 ΨΘ
1729 5045 1898 5122 h³⁰¹⁶¹¹¹¹⁸
1914 5059 2053 5118 melum
2071 5045 2230 5146 ³¹¹q⁰⁰m
2246 5071 2306 5120 ¹¹²·

272 5193 659 5288 Egonondubimim,
681 5193 886 5264 nonsolum
902 5193 1263 5286 nosadpedesprin·
1312 5155 1503 5239 tinuimus,
1537 5177 1577 5222 ac
1610 5153 1803 5223 etiamnum
1827 5174 1929 5243 spero
1957 5147 2072 5218 exitus
2094 5172 2168 5219 nou
2188 5161 2305 5220 tetros

272 5299 391 5392 cipum
405 5296 573 5381 adiicere,
597 5297 768 5390 petendae
780 5294 873 5385 pacis
886 5317 989 5366 cansa
1002 5296 1042 5365 in
1060 5295 1185 5388 patria,
1203 5295 1261 5364 sed
1345 5349 1371 5412 ¹>
1390 5346 1460 5404 eod.
1476 5346 1586 5402 Monac.
1606 5347 1823 5414 reprehendere.

272 5403 376 5473 etiam
403 5422 480 5470 mea
503 5412 618 5469 morte
639 5397 793 5468 libenter
814 5391 940 5468 harum
961 5397 1147 5489 regionum
1168 5408 1262 5468 tran·
1343 5435 1371 5500 2)
1390 5433 1482 5500 tuom]
1502 5431 1811 5486 commonueram.

270 5503 483 5598 quillitatem
502 5497 675 5602 redimere
695 5498 835 5614 vellem.
893 5495 1011 5572 Deum
1034 5513 1152 5573 autern
1177 5497 1258 5571 assi·
1340 5521 1371 5595 3)
1391 5522 1459 5581 ema,
1475 5523 1554 5576 Mon.
1570 5519 1660 5573 addin
1680 5519 1748 5587 epar.
