4778 6258
88 351 134 425 11
491 365 493 376 ’
611 315 614 324 ’
657 347 1098 430 111111111111
1154 345 1262 427 nra.
1299 347 1347 430 x.
1397 347 1534 432 1111.
2073 369 2124 446 50

87 527 229 611 nebras,
260 550 348 622 quas
368 525 577 614 Pontifices,
601 523 736 619 Reges,
761 525 967 620 Principes,
993 523 1079 596 Mo·
1130 511 1357 594 Clarissimo
1384 521 1481 606 viro,
1519 523 1730 618 nobilitate,
1756 530 1957 630 prudentia
1984 552 2016 613 et
2047 543 2122 615 air.

88 625 189 698 111111
213 629 252 698 in
275 627 433 702 Ecclesia
458 630 671 716 defendunt,
703 651 791 723 quas
812 630 951 700 utinam
972 623 1079 701 Chri·
1130 631 1203 693 tute
1233 623 1461 721 praestanti,
1495 622 1611 703 Dora.
1645 625 1853 726 Quirino
1879 637 2105 719 Schaller

88 745 158 802 stus
173 733 332 802 adventu
350 755 415 802 suo
430 732 500 802 cito
519 731 684 822 depellat.
734 730 885 801 Turcica
901 755 997 801 arma
1011 755 1079 821 pu·
1142 719 1457 823 Schemniceasi*)
1483 729 1645 820 consoli,
1666 743 1828 830 patrono
1852 763 1922 813 sao
1947 710 2121 830 colendos

87 835 190 904 niunt
206 829 299 904 hanc
317 833 598 925 profanationem
615 855 743 904 coenae
751 829 918 920 Domini,
941 845 994 904 tot
1008 833 1078 901 iam

89 936 212 1006 seculis
235 930 440 1006 haerentem
461 935 500 1002 in
521 930 691 1006 Ecclesia.
741 931 840 1003 Bene
866 934 944 1005 vale
964 947 999 1006 et
1021 957 1079 1003 re-

89 1039 209 1114 scribe.
261 1035 353 1107 11111
382 1059 445 1126 ego
468 1038 512 1106 ad
537 1033 753 1105 conventum
773 1059 847 1104 non
863 1035 1079 1129 proficiscor,

89 1153 119 1212 et
133 1139 311 1231 imprimis
324 1140 369 1208 de
384 1149 561 1209 conventu
579 1137 729 1222 scribes3
755 1138 827 1207 scio
846 1139 942 1206 enim
955 1139 1000 1207 ad
1015 1159 1079 1208 vos

88 1242 196 1312 multa
219 1241 380 1333 perferri.
436 1237 533 1308 Beue
556 1240 648 1313 vale.
705 1236 773 1309 Die
799 1241 858 1312 ta.
880 1237 1079 1325 Februarii,

89 1353 155 1436 φο
185 1357 269 1413 ante
291 1365 406 1412 annos
431 1332 584 1435 1715*)
599 1334 849 1409 Maccabaeae
867 1338 1079 1411 Nicanorem

90 1445 239 1536 iinpium
261 1442 398 1514 Ducem
423 1441 561 1531 ingenti
582 1442 716 1534 praelio
733 1441 834 1511 vicit:
864 1445 960 1535 quod
984 1443 1079 1532 cogi-

89 1560 216 1630 tantes,
242 1569 382 1634 oremus
396 1541 536 1625 Deum,
560 1557 602 1612 ut
617 1567 712 1613 nunc
728 1568 869 1638 quoque
885 1557 999 1616 servet
1009 1541 1079 1615 Ec-

90 1649 228 1718 clesiam
245 1671 356 1722 suam.
409 1644 543 1716 lterum
558 1637 694 1742 vale⁹).

91 2105 152 2180 No.
165 2102 281 2176 8584.

97 2203 266 2233 m

913 2163 918 2184 .
961 2111 1082 2192 (be)

939 2203 1080 2233 „w

306 2401 309 2422 Ι
364 2307 514 2390 Ioaelr.
548 2304 807 2394 Cameraria.

153 2463 241 2536 epta.
254 2462 288 2519 aa
303 2463 442 2520 111111.
460 2483 486 2538 p.
500 2461 742 2533 1111111111.
756 2461 807 2517 11.
823 2460 872 2517 1v.
890 2419 934 2534 ip.
948 2461 1030 2534 111).

95 2609 318 2692 Clarissimo
342 2617 418 2688 viro
440 2611 644 2686 eruditione
668 2625 700 2685 et
725 2613 854 2684 virtute
872 2611 1084 2712 praestanti

96 2716 333 2820 Ioacitima
356 2713 626 2792 Camerario
658 2719 777 2789 amico
807 2725 839 2786 et
863 2716 992 2815 fratri
1013 2741 1081 2789 suo

479 2843 691 2904 carissimo,

94 2935 134 3026 S.
159 2955 205 3027 D.
259 2913 489 3046 sigismundi
497 2948 646 3025 Gelenii
658 2947 858 3042 Epistolam
879 2955 948 3025 tibi
965 2955 1083 3042 mitto,

96 3061 131 3128 in
153 3082 224 3154 qua
245 3070 406 3128 amanter
423 3057 642 3127 mentionem
664 3055 718 3127 tui
746 3056 849 3137 iacit,
883 3070 985 3150 teque
1007 3082 1083 3144 oro,

97 3175 132 3231 ut
154 3161 243 3230 meis
263 3155 401 3243 verbis,
424 3159 529 3228 etiam
552 3158 586 3227 ei
605 3157 735 3254 gratias
755 3181 856 3247 agas,
881 3160 1024 3252 quinos
1049 3174 1084 3231 et

98 3264 235 3333 ornavit
262 3260 494 3351 inscriptione
519 3253 790 3349 Aristophanis,
823 3272 858 3331 et
887 3254 1082 3352 hospitium

97 3365 196 3436 nobis
211 3365 341 3434 defert:
367 3361 491 3452 scripsi
507 3359 541 3430 ei
553 3361 771 3434 brevissime.
797 3358 852 3431 De
865 3359 1010 3456 Synodo
1025 3387 1082 3433 me

98 3459 351 3557 Aristophanes
366 3487 510 3557 quoque
524 3475 652 3545 terret,
667 3462 707 3529 in
722 3485 793 3554 quo
809 3463 876 3532 scis
893 3458 1083 3559 ἐκκλησιά-

99 3565 167 3656 ζειν
180 3555 370 3661 [111111νᾶ11
382 3585 487 3649 τινα,
513 3559 577 3635 καὶ
592 3563 791 3655 καθῆσθαι
808 3557 993 3659 πρόβατα.
1044 3561 1085 3638 Si

97 3672 172 3740 talis
195 3669 265 3740 erit
285 3665 470 3762 Synodus,
494 3689 585 3760 quae
606 3665 731 3745 nobis,
756 3666 829 3735 imo
851 3691 941 3759 quae
958 3665 1086 3740 Eccle-

99 3774 165 3842 siae
181 3773 253 3843 iata
271 3769 517 3859 impendeant,
542 3766 646 3836 facile
662 3779 713 3836 est
727 3768 948 3846 ratiocinari.
986 3769 1085 3841 Bene

99 3875 191 3958 eale,
216 3869 377 3944 Nuncius
394 3865 453 3940 hic
466 3867 644 3940 Basiieam
661 3868 737 3939 ibit.

836 4018 1037 4132 Philippus.

109 4259 391 4286 ..fl-..baann-

102 4443 164 4516 No.
181 4437 294 4514 8885.

108 4539 313 4578 m

925 4455 984 4519 16.
1000 4447 1087 4513 Febr.

915 4539 1087 4568 Μ

420 4641 496 4742 (lu.
523 4638 761 4752 Schellero.

165 4801 240 4868 ⁴:1¹2:
257 4799 413 4876 apographo
431 4799 461 4854 in
480 4801 674 4858 cottianae.
693 4799 800 4856 81111.
819 4797 868 4878 ll'.
885 4816 913 4872 p.
933 4799 978 4852 50.

135 5111 163 5182 *l
181 5113 266 5168 1705?
284 5113 338 5169 rid.
356 5127 400 5184 epa
411 5127 468 5184 seq.

134 5221 161 5289 9)
177 5221 252 5274 Nam
266 5237 317 5288 ego
331 5223 371 5273 ad
383 5229 435 5274 etc.
453 5217 539 5273 Mani.
558 5235 616 5272 non
634 5217 728 5276 babet,
752 5224 778 5270 et
815 5226 858 5272 ost
875 5219 1019 5274 1111111111
1037 5219 1088 5276 ad·

168 5293 320 5346 ditandum
335 5289 412 5343 rste.
448 5287 502 5344 set
516 5287 615 5358 scripta
629 5296 670 5341 est
681 5303 755 5340 anuo
769 5287 782 5342 1
838 5323 846 5340 .

109 5633 276 5704 huram.
304 5633 409 5700 Orrn.
460 5629 544 5698 vn.
570 5625 631 5698 Vl.

1130 845 1341 941 Clarissime
1365 873 1433 948 vir.
1465 871 1657 963 Quotidie
1679 906 1759 955 cum
1777 912 1882 961 mane
1902 881 2121 986 precationes

1130 971 1230 1058 dico,
1255 997 1406 1066 cumque
1430 991 1584 1048 mentem
1609 996 1644 1052 et
1657 987 1778 1058 oculos
1795 1016 1916 1066 versus
1932 993 2120 1076 Orientem

1129 1072 1257 1164 dirigo,
1273 1076 1430 1165 cogitans
1445 1077 1509 1147 ubi
1523 1103 1560 1150 se
1573 1079 1670 1153 Deus
1684 1092 1884 1180 patefecerit
1900 1114 1935 1171 et
1948 1103 2011 1172 ubi
2026 1105 2120 1180 filius

1129 1172 1199 1246 Dei
1214 1177 1258 1248 sit
1278 1177 1388 1246 iactus
1402 1179 1564 1268 victima,
1590 1181 1794 1262 Pannonias
1815 1197 1920 1268 etiam
1941 1204 2120 1296 adspicere

1123 1277 1266 1364 uideor,
1281 1279 1383 1348 cuius
1397 1281 1521 1364 ruinae
1537 1286 1642 1356 etiam
1656 1295 1802 1364 caeteris
1819 1303 1935 1387 regnis
1948 1307 2119 1381 minitan-

1129 1391 1209 1465 tur,
1233 1401 1433 1474 magnoque
1450 1403 1530 1452 cum
1547 1388 1670 1459 dolore
1686 1387 1750 1464 has
1766 1398 1980 1476 calamitates
1996 1411 2120 1504 deplo-

1129 1504 1191 1566 ro,
1215 1483 1278 1551 1111
1295 1483 1407 1552 multo
1423 1483 1556 1555 maiore
1570 1493 1749 1566 moesticia
1766 1521 1887 1571 causas
1905 1531 2044 1580 mecum
2063 1539 2121 1584 re-

1129 1596 1228 1674 puto.
1276 1581 1385 1654 Nulla
1408 1598 1498 1656 sunt·
1514 1605 1681 1680 perpetua
1700 1596 1848 1688 imperia
1866 1604 1903 1674 in
1921 1603 1986 1680 hac
2000 1608 2121 1685 homi-

1130 1707 1219 1753 num
1240 1682 1368 1755 vitiosa
1390 1700 1535 1769 natura,
1561 1715 1602 1760 ex
1625 1718 1695 1788 qua
1715 1713 1833 1771 tamen
1851 1702 1949 1778 Deus
1966 1719 2120 1807 excerpit

1131 1797 1309 1856 aeternam
1322 1783 1526 1862 Ecclesiam.
1578 1791 1622 1862 In
1639 1791 1731 1869 hanc
1753 1826 1837 1889 nos,
1862 1822 1901 1880 ut
1926 1811 1964 1880 in
1982 1815 2120 1889 diluvio

1131 1885 1210 1958 Noe:
1234 1889 1339 1979 pauci
1360 1911 1395 1957 se
1420 1890 1460 1957 in
1482 1915 1598 1962 arcam
1619 1896 1869 1992 includebant,
1891 1914 2119 2007 recipiamus3

1132 1984 1225 2058 hanc
1248 1989 1398 2058 sciamus
1421 2015 1624 2064 mansuram
1648 2021 1740 2088 esse,
1765 2007 1901 2078 etiamsi
1917 2016 2034 2086 variae
2049 2021 2120 2090 111-
2232 2040 2236 2054 “

1132 2091 1313 2183 periurum
1345 2093 1559 2176 mutationes
1591 2111 1626 2168 et
1653 2102 1747 2172 vices
1780 2125 1896 2185 erunt.
1956 2115 2120 2196 Servabit

1134 2193 1228 2262 enirn
1244 2189 1341 2262 Deus
1361 2193 1528 2286 reliquias
1543 2193 1721 2274 Ecclesiae
1742 2231 1844 2294 suae,
1871 2226 1905 2283 et
1928 2219 1979 2285 eis
2003 2222 2121 2317 aliqua

1133 2289 1287 2385 hospitia
1308 2295 1510 2377 attribuet„
1523 2311 1598 2367 tum
1621 2303 1659 2371 in
1679 2303 1896 2400 Pannoniis,
1922 2331 1996 2388 tum
2023 2325 2120 2402 111111.

1133 2393 1254 2484 Quare
1269 2421 1343 2465 non
1364 2397 1570 2486 frangamur
1583 2405 1731 2493 animis,
1758 2415 1818 2482 sed
1835 2437 2028 2508 speremus,
2054 2427 2122 2496 ali-

1133 2521 1238 2590 quam
1264 2500 1310 2566 ad
1335 2512 1494 2590 posteros
1525 2525 1727 2577 mansuram
1755 2536 1828 2584 esse
1860 2520 2057 2596 doctrinam
2089 2543 2123 2602 ct

1110 2597 1299 2668 studiosis
1320 2601 1455 2681 sedem,
1482 2613 1517 2670 et
1539 2603 1578 2670 in
1600 2599 1665 2679 bac
1686 2633 1748 2703 spe
1760 2615 1820 2710 pia
1835 2623 1951 2694 studia
1966 2627 2128 2712 colamus,

1133 2712 1168 2768 et
1182 2699 1402 2776 adiuvemus.
1469 2701 1478 2726 '

1233 2800 1364 2874 Narrat
1385 2819 1503 2878 autem
1523 2803 1581 2879 hic
1603 2814 1804 2890 adolescens
1824 2820 2020 2900 Martinus
2041 2859 2123 2906 cum

1133 2902 1387 3022 significatione
1402 2911 1629 2999 gratitudinis
1644 2941 1718 2987 non
1735 2922 1895 3016 obscura,
1918 2954 1954 2998 se
1969 2934 2122 3026 benigne

1133 3019 1202 3075 ate
1219 3008 1399 3095 adruvari,
1421 3033 1590 3107 suamque
1603 3020 1855 3106 gratitudinem
1871 3053 1891 3099 a
1908 3055 1964 3100 me
1978 3035 2046 3106 tibi
2063 3061 2123 3106 ex-

1134 3107 1222 3197 poni
1244 3109 1368 3192 voluit.
1417 3110 1495 3204 Ego
1523 3139 1605 3186 vero
1627 3143 1703 3190 non
1727 3127 1771 3194 de
1794 3121 1862 3198 hoc
1882 3144 2019 3203 tantum
2036 3138 2123 3207 scri-

1133 3211 1292 3278 bendum
1301 3233 1392 3288 ,esse
1414 3213 1519 3301 duxi,
1543 3220 1603 3286 sed
1629 3221 1720 3293 illud
1736 3226 1841 3298 etiam
1856 3233 2007 3321 adiicio‚
2032 3239 2123 3309 bene
2143 3237 2156 3261 ”

1135 3310 1344 3381 collocatum
1363 3336 1436 3384 esse
1457 3318 1520 3387 abs
1538 3332 1572 3389 te
1589 3314 1657 3392 hoc
1677 3327 1908 3419 beneficium,
1936 3338 2020 3429 quia
2036 3343 2124 3412 ado-

1135 3412 1269 3481 lescens
1296 3413 1468 3488 foeliciter
1488 3419 1593 3490 discit
1625 3424 1773 3500 latinam
1800 3446 1836 3502 et
1861 3457 2020 3524 graecam
2053 3443 2125 3511 lin-

1135 3536 1258 3603 guam‚
1292 3518 1434 3588 exordia
1464 3515 1712 3614 philosophiae
1741 3545 1775 3602 et
1797 3535 1979 3609 doctrinae
2001 3539 2124 3614 Eccle-
2235 3547 2244 3560 “

1135 3616 1305 3690 siasticae.
1357 3614 1437 3690 Erit
1456 3622 1583 3711 igitur,
1609 3623 1686 3700 Deo
1707 3632 1870 3722 iuvante,
1896 3641 1978 3710 usui
1999 3631 2127 3715 Eccle-¹

1136 3719 1207 3788 siae
1220 3715 1301 3804 Dei,
1326 3744 1367 3790 ac
1381 3721 1475 3792 filius
1488 3721 1558 3794 Dei
1572 3722 1708 3802 memor
1721 3737 1777 3804 sui
1796 3737 1894 3826 dicti,
1917 3743 1956 3810 in
1974 3768 2045 3836 quo
2061 3747 2125 3818 ait:

1135 3816 1173 3888 si
1193 3816 1276 3936 pais
1300 3818 1356 3890 ael
1370 3831 1496 3917 potum
1510 3849 1629 3922 aquae
1645 3826 1782 3905 dederit
1797 3837 1888 3911 meis
1901 3852 2049 3940 propter
2060 3842 2127 3917 do-

1138 3929 1315 4008 ctrinam,
1328 3921 1520 3996 mercedem
1537 3921 1688 4004 habebit
1703 3935 1880 4028 uicissem,
1896 3945 1963 4014 tibi
1978 3971 2043 4037 pro
2060 3945 2125 4021 hac

1128 4023 1348 4104 ,liberalitate
1365 4027 1569 4104 benefaciet.
1597 4032 1737 4122 Quaeso
1753 4039 1873 4128 igitur,
1886 4057 1926 4116 ut
1943 4047 2125 4142 aliquanto

1138 4124 1273 4196 diutius
1299 4122 1393 4196 111111
1416 4123 1629 4202 Martinam
1657 4138 1821 4226 adiuves,
1855 4159 1896 4216 ut
1916 4149 2126 4223 confirmare

1138 4227 1310 4298 iudicium
1330 4230 1374 4297 de
1395 4232 1500 4301 rebus
1518 4240 1722 4310 necessariis
1742 4247 1863 4335 possit.
1880 4249 1883 4258 ’
1914 4247 1987 4320 Nec
2001 4253 2125 4346 despe-

1137 4330 1274 4400 ratione
1289 4330 1495 4404 abiiciamus
1511 4339 1627 4410 studia
1642 4342 1838 4421 literarum.
1880 4346 1970 4418 Nam
1987 4355 2126 4425 etiamsi

1139 4432 1348 4522 impendent
1363 4433 1468 4504 nobis
1489 4435 1525 4507 ’11
1546 4442 1711 4514 universo
1726 4448 1806 4518 orbi
1824 4452 2038 4522 mutationes
2052 4453 2126 4525 Irn-

1138 4533 1338 4626 perio'rum,
1352 4548 1472 4606 tamen
1488 4537 1583 4610 Deus
1598 4565 1663 4614 nec
1677 4543 1872 4622 Ecclesiam
1886 4574 1951 4620 nec
1966 4553 2041 4624 eius
2057 4551 2126 4626 ho-

1139 4635 1242 4727 spitia
1256 4637 1420 4707 funditus
1434 4639 1546 4711 deleri
1560 4644 1661 4716 sinet.
1694 4644 1771 4719 Hac
1785 4675 1869 4721 vero
1883 4654 2124 4728 consolatione

1070 4777 1073 4784 ·
1138 4760 1204 4807 nos
1225 4738 1359 4831 ubique
1379 4753 1633 4830 sustentemus,
1663 4748 1744 4841 quia
1769 4754 1924 4842 profecta
1948 4779 2125 4850 nusquam

1139 4853 1231 4910 certa
1249 4853 1299 4910 est
1316 4865 1354 4911 ac
1367 4842 1534 4914 diuturna
1549 4849 1798 4942 tranquillitas.
1842 4851 1894 4924 Et
1915 4869 2031 4927 tamen
2050 4859 2126 4930 Deo

1140 4966 1243 5012 curae
1257 4944 1334 5027 erit,
1351 4958 1390 5015 ut
1405 4945 1522 5038 aliqua
1536 4950 1669 5040 templa
1681 4956 1745 5020 sua
1760 4965 1794 5022 et
1810 4956 1991 5027 doctrinae
2005 4963 2124 5031 domi-

1140 5043 1220 5114 cilia
1236 5058 1361 5114 servet.
1410 5045 1509 5118 Bene
1524 5063 1558 5120 et
1572 5051 1746 5122 foeliciter
1760 5056 1847 5130 vale.
1897 5054 1965 5127 Die
1982 5058 2040 5133 16.
2056 5061 2125 5132 Fe-

1138 5147 1295 5230 bruarii,
1319 5171 1388 5238 quo
1416 5172 1550 5220 annum
1567 5153 1903 5246 quinquagesimum
1935 5159 2125 5250 ingredior,

1136 5249 1200 5342 qui
1212 5248 1351 5319 utinam
1366 5251 1472 5320 foelix
1487 5267 1522 5324 et
1537 5253 1673 5324 faustus
1688 5256 1745 5325 sit.

1172 5528 1201 5600 Ι1)
1220 5529 1237 5586 1.
1258 5549 1283 5594 1,
1301 5529 1517 5598 Cbemnitcensi,
1534 5530 1564 5586 11
1582 5531 1693 5590 1111111.
1723 5573 1731 5581 -

1335 5636 1360 5708 4
