4744 6254
258 333 332 408 589
837 325 1281 410 EPIS'I'OLARUM
1338 333 1449 417 utu.
1480 337 1527 418 X.
1579 334 1713 414 164⁷.
2235 339 2301 419 sto

253 523 289 581 et
305 508 485 604 pollicitus
500 519 575 593 ests
587 527 727 598 semper
738 527 777 576 sc
789 518 1010 576 servatorum
1028 525 1111 578 esse.
1159 503 1256 577 Huic
1308 509 1495 580 adversum
1509 509 1676 581 collocari
1685 511 1870 604 eleganter
1884 513 2017 586 lactum
2032 516 2201 588 iaculum.
2250 509 2300 584 Ab

255 613 361 684 etia'm
384 625 525 680 nostrae
547 609 741 680 familiolae
765 631 869 676 curae
894 622 1016 693 eruant,
1043 620 1084 678 ut
1108 608 1257 680 dicitur:
1307 635 1348 680 ea
1377 613 1522 705 cuspide
1550 636 1631 682 cum
1659 637 1734 683 non
1765 617 1966 687 deflecteres
1995 620 2136 706 oculos,
2179 616 2299 708 effigies

254 711 443 808 generatio
459 718 634 781 rectorum
653 703 889 779 benedicetur.
919 708 972 778 'l'e
988 733 1085 799 rogo,
1101 724 1141 780 ut
1153 714 1258 801 'saepe
1306 727 1426 804 postea
1445 715 1605 786 absoluta
1624 727 1686 790 est.
1737 713 1815 788 Hac
1828 721 2166 790 commemoratione
2181 718 2299 790 Caesar

256 817 300 886 ad
317 840 375 885 me
389 813 531 898 scribas,
556 826 608 896 nt,
630 813 744 882 donec
759 812 851 896 licet,
871 810 1129 905 colloquamur.
1161 812 1259 882 Bene
1306 815 1489 908 impendio
1505 816 1698 886 delectatus
1713 833 1773 890 est.
1826 817 1948 908 Quare
1961 821 2167 892 incredibili
2181 818 2299 892 Caesa·

139 919 141 924 ’
256 917 346 992 vale.
400 913 524 986 Idibus
540 914 658 986 Maiis.
1009 909 1076 985 Ph.
1102 912 1155 988 M.
1305 914 2299 1016 rismansuetudineadductusLucascaptidominilor-

1306 1032 1429 1089 tunam
1447 1032 1481 1088 et
1497 1019 1630 1109 patriae
1644 1032 1773 1092 statum
1789 1025 2031 1114 perpendens,
2052 1019 2146 1094 nihil
2159 1023 2198 1092 in
2213 1037 2299 1095 tanta

1307 1121 1571 1211 opportunitate
1585 1123 1748 1214 captavit,
1774 1124 1832 1193 sed
1850 1125 1954 1194 senili
1968 1151 2067 1196 more
2083 1126 2122 1194 in
2136 1126 2299 1220 lacrymas

1158 1247 1209 1264 ·-
1307 1221 1483 1292 resolutus
1505 1235 1540 1292 et
1565 1223 1603 1292 in
1626 1245 1739 1312 genua
1755 1227 1992 1317 procumbens
2007 1253 2072 1320 pro
2089 1239 2192 1318 capto
2210 1225 2299 1320 prin-

1124 1304 1258 1332 ψ’
1307 1323 1384 1414 cipe
1400 1325 1605 1416 deprecatus
1623 1338 1684 1398 est.
1734 1321 1793 1396 Ad
1808 1350 1847 1396 ea
1861 1323 1990 1400 Caesar
2003 1323 2174 1400 nonnihil
2193 1327 2302 1398 subri-

1308 1425 1395 1494 dens
1420 1425 1658 1517 placidissimo
1681 1426 1784 1498 vultu
1808 1429 1874 1502 ait:
1906 1431 2106 1522 perficiam,
2132 1445 2173 1500 ut
2190 1443 2299 1522 captus

326 1513 900 1591 ’s¹³¹²P⁰i¹⁴³⁰⁶⁰⁶·¹’“³³·⁰'L·⁵⁴'·
924 1541 957 1556 “““
993 1513 1260 1585 ¹⁰’‘'³t¹⁵⁰¹¹‘⁰²”²
1332 1527 1471 1596 rinces
1517 1527 1684 1598 dominus
1706 1542 1789 1600 tuus
1832 1531 2054 1602 clementiam
2071 1555 2189 1602 meam
2207 1556 2245 1601 ex
2269 1553 2299 1599 e-

361 1592 390 1644 in
407 1590 513 1644 codice.
547 1587 584 1640 Ex
601 1585 688 1640 serbis
701 1585 728 1640 in
742 1586 794 1638 fine
807 1584 947 1665 adscriptis
962 1583 1132 1654 intelligitur,
1151 1585 1260 1640 Melan·
1306 1549 1338 1645 p.
1430 1552 1454 1619 p
1479 1581 1489 1612 ’
1796 1585 1806 1614 2
2250 1557 2268 1623 Ρ

360 1659 472 1714 tbouem
492 1659 559 1712 baec
581 1655 721 1726 scripsisse
736 1655 817 1707 nonis
830 1653 925 1706 Martis
938 1671 965 1708 a.
979 1653 1055 1707 1560.
1091 1656 1260 1709 luseruimus
1307 1643 1431 1703 flatur-
1483 1623 1686 1700 EtLflcam
1703 1655 1851 1702 munere
1865 1633 2115 1706 donaltlmase
2129 1633 2170 1702 in
2185 1635 2299 1704 urbem

361 1739 452 1784 entem
470 1725 541 1780 banc
562 1723 746 1778 narrationem
767 1721 825 1788 bic,
856 1733 884 1774 nt
900 1721 1014 1776 lectores
1030 1741 1089 1776 eam
1104 1723 1218 1778 babeant
1230 1725 1259 1778 in
1308 1729 1454 1802 remisit,

362 1804 504 1938 pfprqtputqri.
517 1792 664 1848 bistoriam
680 1791 835 1846 buiusanui
850 1789 1200 1864 exMelantbcuisscriptis
1213 1811 1260 1846 er·
1411 1829 1509 1900 Haec
1527 1825 1716 1926 Philippus
1740 1832 1827 1905 Mel·
1849 1861 1944 1908 anno
1966 1837 2060 1909 vitae
2082 1838 2215 1911 ultimo
2233 1835 2315 1930 qu

1411 1958 1482 2027 quo
1498 1947 1532 2004 et
1548 1936 1658 2022 obiit,
1683 1937 1790 2009 nonis
1804 1937 1941 2010 Martii.

649 2012 883 2114 (Narratio.)

212 2218 217 2224 -
262 2156 381 2246 Anno
406 2167 673 2264 quadragesimo
697 2167 847 2259 septimo
869 2189 949 2236 cum
972 2165 1169 2258 Imperator
1183 2155 1261 2236 Co-

263 2273 365 2345 rolus
385 2273 608 2361 Vitebcrgam
633 2269 820 2338 obsidione
839 2268 1021 2350 cinxisset,
1048 2265 1262 2364 haberetque
1321 2265 1391 2338 No.
1415 2271 1531 2344 5876.
1851 2287 1909 2348 17.
1922 2279 1998 2344 Maii
2024 2279 2300 2364 (ltl'erntgerodee.)

263 2401 382 2448 secum
408 2375 445 2442 in
469 2373 592 2444 castris
609 2369 807 2440 Electorem
825 2394 940 2460 nuper
956 2385 1116 2462 captum,
1142 2367 1261 2440 Ioan-
1314 2366 1528 2405 Μ
1844 2375 2300 2414 w

263 2503 344 2548 nem
360 2468 405 2546 F
401 2469 612 2558 tidericum,
638 2474 763 2542 ducem
778 2470 970 2558 Senoniae,
996 2488 1117 2543 evocat
1134 2497 1180 2542 ex
1197 2497 1261 2564 op
1662 2462 1719 2548 N.
1748 2464 1954 2552 Medda-0,

264 2581 350 2673 pido
366 2578 409 2648 ad
425 2576 642 2669 colloquium
662 2575 839 2692 privatum
855 2565 1005 2693 Lucam
1017 2573 1054 2670 *)
1074 2574 1263 2661 Pictorem,
1378 2621 1467 2680 Dm·
1479 2623 1507 2678 ᾗ,
1520 2639 1583 2696 epp.
1599 2621 1756 2704 sdtttedter.
1771 2623 1863 2693 ‘W'
1877 2623 1963 2686 md·
1979 2623 2077 2686 ΒΜ
2091 2643 2119 2698 p.
2129 2627 2209 2686 Μ.
2232 2626 2301 2684 Nm

263 2683 335 2754 iam
361 2703 493 2751 senem.
557 2674 672 2762 Eum,
703 2700 784 2746 cum
811 2699 850 2744 ιιι
876 2689 1068 2748 tentorrum
1091 2677 1264 2748 deductus
1413 2691 1714 2762 cacodemdescnpn.

264 2795 369 2865 esset,
392 2781 445 2850 sic
464 2777 613 2850 Carolus
632 2777 829 2868 compellat.
883 2775 1056 2849 Saxoniae
1079 2776 1161 2849 Dux
1176 2775 1265 2848 Ele·
1783 2848 1791 2867 ι

265 2899 342 2956 ctor
356 2877 520 2952 Ioannes
535 2871 781 2964 Fridericus,
801 2903 916 2971 nuper
938 2903 958 2948 a
981 2904 1038 2949 me
1061 2880 1100 2946 in
1115 2879 1188 2950 acie
1204 2905 1264 2950 su.
1450 2848 1567 2922 ΗΘΜ·
1586 2845 1696 2921 Docl·
1721 2846 1768 2926 N
1773 2847 1928 2923 acoleo
1953 2846 2173 2931 Medtero.
2356 2947 2357 2982 1

264 2999 406 3080 perdius
428 2998 464 3054 Ei.
488 2985 530 3052 ad
556 2981 778 3072 Mulbergdm
802 2995 944 3072 capitis,
975 2977 1067 3050 mihi
1091 2983 1270 3071 egregiam
1311 2985 1359 3076 s,
1386 2998 1431 3075 D,
1491 2997 1595 3070 Hanc
1615 2999 1799 3090 epistolam
1822 2999 1964 3090 aurigae
1984 3001 2067 3070 dedi
2089 3002 2153 3095 qui
2178 3017 2301 3094 partem
2356 3021 2357 3103 q

263 3086 422 3162 tabulam
446 3086 485 3155 in
509 3097 687 3154 conventu
703 3081 848 3174 lmperii
865 3081 988 3175 Spirae
1006 3106 1026 3152 a
1046 3095 1080 3152 te
1106 3084 1265 3155 elabora·
1312 3103 1538 3200 supellectilis
1564 3114 1705 3172 nostrae
1725 3096 1840 3175 vehet,
1894 3101 1940 3176 Ut
1955 3117 2072 3178 aum
2091 3107 2242 3174 domum
2257 3107 2302 3174 in.

266 3205 340 3288 tem
363 3187 513 3270 Obtulit»
536 3186 638 3258 cuius
654 3199 795 3276 aspectu
813 3184 1267 3277 cumali(1¹¹0i5‘352113ffl‘2f
1313 3207 1434 3279 venire
1451 3217 1585 3298 posset,
1610 3203 1731 3296 inqua
1746 3198 2098 3290 habitatuxormea‚
2124 3205 2215 3275 iussi
2234 3231 2302 3276 eun

266 3295 332 3364 tim
357 3303 554 3374 recreatu&
594 3301 715 3380 P⁰⁸iea
740 3309 878 3378 semper
899 3287 1087 3376 magnifici
1111 3287 1266 3379 picturas
1313 3313 1358 3382 ad
1380 3331 1444 3379 vos
1465 3307 1640 3378 accedere.
1705 3301 1845 3394 Quaeso
1869 3318 1910 3376 ut
1934 3307 2082 3378 domum
2106 3309 2303 3379 monstretis

266 3409 356 3467 tuas.
408 3388 501 3463 Cum
523 3402 639 3460 autem
663 3387 797 3460 interea
813 3381 904 3458 mihi
920 3391 963 3458 de
978 3388 1080 3460 obitu
1096 3404 1157 3460 tuo
1172 3414 1266 3460 non·
1313 3407 1397 3482 huic
1414 3409 1566 3496 aurigae,
1592 3420 1737 3477 “meos
1752 3407 1855 3476 vobis
1870 3409 2092 3482 commendo,
2138 3405 2303 3482 Herihuc

264 3491 361 3568 nibil
373 3493 582 3564 nunciatum
597 3491 737 3576 inisset,
766 3503 801 3560 et
816 3502 850 3561 te
866 3491 980 3560 lilium
996 3490 1140 3579 ingenio
1156 3505 1191 3562 et
1208 3492 1266 3560 in·
1312 3513 1420 3585 rediit
1433 3534 1473 3580 ex
1490 3510 1611 3579 caetris
1624 3505 1751 3578 Comes
1765 3502 1939 3578 Albertus
1955 3503 2013 3605 *),
2038 3511 2102 3604 qui
2117 3526 2253 3598 narrat,
2275 3513 2302 3580 iu

265 3599 403 3671 dustria
418 3619 493 3665 non
504 3594 624 3664 minus
637 3605 873 3685 praestantem
886 3593 1084 3686 reliquisse:
1111 3618 1208 3663 nunc
1222 3595 1265 3663 de
1314 3613 1434 3686 castris
1457 3612 1619 3681 inducias
1633 3632 1724 3694 esse,
1747 3610 1830 3704 quia
1848 3610 1891 3680 de
1909 3613 2166 3704 componendis
2181 3615 2304 3684 (ἥκοι.

266 3715 303 3774 te
323 3697 518 3771 accuratius
538 3693 763 3792 percontanti
777 3695 984 3764 nunciatum
1002 3707 1072 3779 est,
1097 3708 1131 3765 te
1146 3695 1186 3763 in
1197 3691 1267 3766 hoc
1314 3718 1383 3787 diis
1402 3728 1536 3804 agatur,
1586 3709 1684 3782 Deus
1703 3711 1866 3782 restituar
1881 3711 1976 3804 piam
1992 3726 2025 3784 ει
2042 3713 2237 3785 salutarem
2252 3739 2303 3808 pa.

266 3803 401 3894 oppido
422 3799 645 3892 iupefililssffl
667 3819 751 3868 0⁸⁵0·
809 3792 900 3865 Eam
923 3796 1032 3886 igilur
1056 3797 1103 3867 ⁰¹²
1126 3821 1266 3867 causam
1315 3843 1401 3892 cem.
1440 3815 1538 3885 Bene
1550 3815 1674 3885 valete.
1706 3811 1854 3905 Zinstag
1870 3829 1950 3905 post
1963 3839 2088 3886 vocem
2105 3813 2303 3889 Iucundita-

268 3904 354 3974 iussi
370 3917 405 3973 te
418 3899 476 3971 hic
490 3901 621 3985 adesse,
642 3911 682 3969 ut
694 3911 729 3967 tc
744 3920 862 3966 coram
878 3897 1087 3992 alloquerer.
1138 3892 1267 3971 Lucas
1315 3923 1360 3990 fis
1377 3913 1487 3992 1547,
1870 3911 2213 3995 Ph11,Melamh0n‚

266 4000 453 4076 humiliter
466 4002 595 4092 gratias
610 4022 715 4090 agens
724 3995 914 4070 Caesareae
928 3999 1100 4070 maiestati
1115 4001 1268 4071 submis-

268 4107 407 4176 sionem
430 4127 530 4174 suam
552 4115 589 4173 et
609 4099 777 4194 obsequia
793 4101 910 4170 verbis
926 4102 1032 4171 simul
1049 4115 1082 4171 et
1097 4117 1195 4192 gestu
1208 4127 1267 4171 re-

268 4221 431 4278 verenter
461 4202 662 4276 declaravit.
724 4200 779 4271 tbi
809 4203 922 4292 pergit
951 4201 1164 4295 Imperator:
1205 4217 1266 4285 est,
1326 4253 1382 4324 No
1421 4253 1523 4328 3877
1836 4255 2002 4338 (17.Μῶ
2046 4257 2162 4337 Wemi
2184 4263 2303 4344 emm)

268 4305 402 4403 inquit,
427 4301 643 4376 Mechliuiae
659 4304 698 4372 in
711 4303 870 4374 conclavi
884 4328 963 4376 meo
978 4306 1119 4389 tabella,
1143 4306 1182 4374 in
1198 4329 1266 4398 qua
1318 4303 1532 4397 „22⁹
1851 4285 2301 4397 N&
2351 4381 2352 4386 ἵ

271 4411 423 4500 effigiem
438 4431 566 4487 meam,
592 4427 912 4498 cumpucressepr,
936 4407 1133 4480 delineasti.
1168 4407 1266 4478 Scire
1295 4409 1299 4420 ¹
1599 4437 1787 4522 Iohanni
1814 4444 2026 4527 ministro·

257 1211 327 1287 No.
342 1208 455 1286 3875.

267 1309 440 1340 ”N
558 1381 564 1395 ’
650 1357 874 1482 Narratio

269 4526 389 4584 autem
413 4533 455 4578 ex
476 4523 511 4579 te
533 4507 633 4591 volo,
666 4530 755 4600 quae
778 4508 887 4585 fucrit
910 4521 996 4578 tunc
1015 4522 1110 4578 aetas
1129 4533 1209 4579 mea
1233 4522 1267 4580 et

270 4614 352 4708 quis
382 4610 521 4701 gestus?
570 4605 776 4699 Respondet
799 4603 944 4680 Lucas:
985 4623 1064 4680 octo
1091 4634 1267 4682 annorum
1366 4599 1579 4674 ·Et¹⁸¹·¹ib·¹¹·
1598 4598 1699 4673 P·⁵⁸³·
1718 4600 1991 4670 (ed.L0na.tih.11.
2010 4607 2151 4680 ‘effi-l·

271 4727 366 4790 aetas
388 4727 449 4784 tua
470 4725 561 4796 erat,
595 4735 675 4781 cum
697 4708 893 4800 Imperator
910 4705 1213 4782 Maximilt'anns
1235 4725 1269 4784 te

205 4865 207 4868 -
272 4819 397 4886 dexto
411 4815 632 4884 circumdans
649 4812 788 4881 iuberet
800 4809 978 4901 Belgicam
994 4814 1216 4884 nobilitatem
1236 4825 1269 4886 et

269 4917 432 4989 civitates
445 4917 643 4985 iuramento
659 4913 864 5005 promittere
878 4914 1132 4991 obedientiam.
1177 4913 1268 4987 Cum
1316 4887 1361 4977 S·
1387 4904 1431 4976 D·
1482 4899 1697 4976 Charissime
1715 4899 1925 4994 Iohannes,
1950 4906 2018 4979 Dei
2034 4910 2209 5012 beneficio
2228 4912 2304 4984 salvi

271 5031 390 5090 autem
408 5018 579 5108 picturam
597 5015 755 5099 ordirer,
780 5027 841 5084 tua
859 5013 1025 5086 Maiestas
1039 5041 1140 5110 saepe
1156 5021 1198 5088 ad
1215 5019 1284 5088 ‹ti-¹
1319 5021 1354 5079 et
1374 5006 1571 5078 incolumes
1590 5009 1817 5099 pervenimus
1831 5011 1879 5080 ad
1899 5004 2140 5112 Wsmgerod
2151 5016 2192 5084 in
2208 5018 2306 5087 ditio-

272 5144 372 5190 versa
395 5120 471 5190 loca
493 5118 717 5210 respiciebat,
743 5128 784 5186 ut
805 5115 919 5188 solent
932 5119 1045 5210 pueri.
1097 5117 1270 5212 lbiprae-
1318 5133 1401 5180 nem
1427 5109 1566 5180 comitis
1581 5103 1794 5204 Stolbergii.
1847 5110 1978 5182 Nactus
2000 5126 2118 5184 autem
2135 5111 2234 5188 hunc
2251 5142 2307 5188 au·

270 5235 409 5313 ceptor,
432 5220 496 5314 qui
512 5235 607 5291 tuam
625 5231 788 5289 naturam
803 5217 924 5302 norat,
950 5221 1098 5307 dicebat,
1122 5221 1272 5292 temiri-
1318 5213 1449 5302 rigam,
1483 5211 1617 5283 iturum
1639 5227 1783 5304 propter
1804 5213 1891 5286 alias
1909 5235 2030 5286 causas
2043 5208 2307 5314 Brunsnt'gam,

272 5325 336 5394 lice
352 5323 517 5394 delectari
531 5321 731 5413 aspectione
750 5319 830 5405 teli,
855 5319 1024 5416 iussitque
1041 5324 1084 5392 ad
1103 5324 1269 5414 parietem
1318 5313 1392 5419 sgi·
1410 5337 1491 5382 cum
1525 5337 1566 5382 eo
1598 5314 1642 5384 de
1668 5328 1768 5406 parte
1793 5313 2020 5406 supellectilis
2046 5317 2306 5392 transvehenda.

275 5459 481 5476 ἡ

1563 4753 1780 4830 Iohanni
1803 4757 1986 4834 Μιήἰείνο
2003 4787 2070 4836 sno

291 5501 332 5584 'il
351 5513 414 5568 tuit
433 5513 518 5568 lucas
537 5510 671 5568 Cranasb.
1354 5507 1386 5578 ¹⁸¹)
1405 5503 1615 5578 Slolbessswlt·
