4762 6256
237 355 288 432 Μ
823 335 1262 426 EPISTOLARDM
1317 336 1427 420 LlB.
1450 337 1498 413 X.
1550 332 1685 416 16⁴6.
2228 327 2279 402 st

242 530 304 602 dio
333 527 617 601 benevolentiam
649 536 800 596 vestram
830 545 967 618 semper
996 521 1073 591 lore
1104 526 1232 610 sperat,
1284 525 1353 598 tes,
1376 509 1553 600 fugientes
1567 509 1676 584 idola.
1733 501 1838 578 Hanc
1853 503 2053 578 societatem
2068 503 2100 574 si
2114 501 2282 591 intelligit

241 632 424 726 petiverit,
464 643 506 702 ut
544 626 630 700 haec
666 629 910 702 scriberemus.
975 621 1050 694 Nos
1092 640 1233 715 quoque
1285 614 1409 686 foedus
1423 609 1621 697 Ecclesiae,
1644 610 1748 680 doleo
1763 609 1839 680 eius
1856 607 1982 681 vicem.
2032 602 2130 676 Haec
2146 603 2282 696 scripsi,

242 733 398 804 vicissim
429 747 549 805 nostra
580 731 694 804 olficia
727 728 773 804 ll.
796 726 843 802 D.
865 726 1013 798 Vestrae
1032 735 1235 795 reverenter
1285 715 1486 796 atridem,
1520 733 1591 808 qna
1611 713 1709 783 nitar
1723 733 1854 782 ancora
1872 709 1912 778 in
1927 708 2034 781 tantis
2051 706 2281 777 dissidiorum

244 835 448 910 deferimus.
509 830 608 905 Bene
645 847 679 904 et
713 830 865 903 feliciter
897 829 1012 900 valeat
1038 824 1085 900 R.
1114 820 1160 898 D.
1189 819 1235 896 V.
1285 815 1563 908 tempestatibus.
1622 811 1791 886 Sustento
1814 811 1910 881 enim
1930 833 1989 880 me
2008 803 2066 880 his
2090 808 2224 880 verbis:
2251 806 2283 878 si

242 933 313 1010 Die
328 938 444 1030 primo
460 934 565 1012 Febr.
585 931 692 1010 1546.
1287 919 1368 1012 quis
1403 917 1521 1008 diligit
1552 938 1626 1001 me,
1668 935 1848 986 sermones
1876 933 1974 984 meos
2002 910 2176 997 servabit,
2217 923 2283 981 etc.

656 1067 748 1159 Aug,
774 1063 928 1141 schurff·
952 1061 998 1140 D·
1286 1018 1486 1094 Benevale.
1536 1014 1685 1093 Caleud.
1705 1015 1811 1088 Febr.
1829 1010 1941 1091 1546.

661 1167 749 1245 (3²⁰⁴
765 1163 907 1255 ΜΝ)
932 1157 1185 1264 ῑΥΡῡὲΐθΡὴῦδ·
1388 1160 1576 1238 Adamum
1609 1162 1677 1238 tibi
1710 1163 1920 1236 commendo
1953 1153 2144 1234 honestum
2180 1157 2280 1228 iuve-

298 1341 387 1426 (Met.
406 1343 605 1429 composuit.)
619 1339 654 1425 ¹⁶)
1286 1289 1381 1343 Μ’

258 1591 475 1607 ψ

1287 1683 1475 1764 Noster.
2121 1699 2153 1762 2.
2181 1691 2271 1752 Febr.

252 1759 320 1834 No.
334 1759 446 1836 ³³66.
1081 1775 1115 1834 1.
1141 1761 1228 1826 Febr.
1287 1781 1458 1812 ww
2110 1775 2283 1810 Μ

243 1855 454 1892 m
1061 1853 1234 1886 m
1642 1881 1697 1970 N.
1725 1881 1932 1970 Medlero.

607 1963 670 2048 M.
703 1959 882 2050 Cotttno.

314 2125 392 2196 i'sss
410 2141 505 2197 apogr.
522 2124 551 2178 in
570 2123 635 2180 cod.
653 2121 740 2178 Paris.
759 2121 796 2177 D.
813 2122 848 2176 1.
863 2121 928 2176 54³.
1358 2041 1783 2186 Εἰέὁᾶἓᾚὲῑρῖὶιωι·
1806 2063 1822 2099 ¹
1840 2045 1950 2103 ⁰¹²¹¹⁰
1973 2060 2017 2115 ep.
2034 2041 2079 2098 ω·
2098 2039 2183 2107 edua.
2207 2058 2283 2099 nuuc

246 2271 440 2374 Magistro
471 2268 693 2348 Mettica
726 2266 937 2362 Collino,
969 2271 1009 2343 iss
1036 2265 1238 2346 Academia
1416 2257 1533 2334 Dom.
1556 2255 1668 2336 Doct.
1693 2253 1904 2336 Nicolao
1929 2249 2154 2334 Mediam.

645 2369 842 2470 Pmffmi·
1038 2467 1044 2474 .
1287 2392 1333 2486 S.
1358 2407 1405 2487 D.
1454 2407 1664 2482 Reverende
1684 2405 1731 2487 D.
1754 2405 1909 2495 Doctor,
1935 2422 1971 2479 et
1993 2409 2106 2480 amice
2125 2406 2247 2482 cariss.
2256 2405 2283 2502 ¹)

247 2491 294 2584 S.
320 2512 366 2588 D.
418 2507 630 2587 Doctissime
646 2524 682 2582 et
697 2509 873 2580 carissime
885 2507 1038 2584 Colline.
1086 2505 1238 2582 Etiamsi
1287 2513 1367 2587 Etsi
1396 2511 1465 2606 piis
1492 2512 1661 2584 omnibus
1695 2511 1735 2581 in
1763 2523 1861 2584 santa
1882 2510 2090 2582 confusione
2112 2509 2284 2578 maxima.

248 2621 387 2707 lingunt
403 2621 535 2706 poetae,
558 2627 654 2685 ortos
664 2635 738 2682 esse
754 2608 916 2682 homiues
931 2635 972 2681 ex
988 2610 1095 2680 saxis:
1121 2625 1239 2683 tamen
1288 2610 1410 2710 rum²)
1427 2614 1581 2707 optanda
1597 2635 1696 2683 mors
1711 2628 1780 2699 est,
1804 2636 1895 2706 quae
1910 2624 1962 2682 est
1974 2613 2044 2682 iter
2059 2612 2102 2681 ad
2117 2611 2284 2681 dulcissi-

248 2745 307 2789 me
327 2720 442 2788 fateor
464 2717 570 2786 molle
597 2730 718 2807 pectus
740 2708 888 2794 habere,
920 2737 960 2782 ac
984 2735 1086 2806 saepe
1101 2713 1240 2784 moveri
1289 2741 1383 2788 mam
1397 2714 1690 2787 consuetudinem
1705 2738 1786 2784 cum
1799 2711 1897 2800 Deo,
1923 2714 1997 2784 filio
2011 2711 2101 2797 Dei,
2126 2707 2285 2804 prophe-

250 2837 284 2893 et
310 2817 451 2891 concuti
479 2818 693 2888 clamoribus
716 2814 1020 2899 adversariorum,
1055 2813 1119 2908 qui
1143 2816 1241 2884 voci·
1290 2821 1335 2892 tis
1360 2831 1397 2890 et
1419 2816 1608 2909 apostolis,
1639 2829 1760 2887 tamen
1776 2814 2077 2910 aliquosidoneos
2092 2815 2135 2884 ad
2151 2816 2283 2904 guber.

246 2927 426 3002 terantur,
466 2945 533 2990 nos
556 2920 741 2991 seditiosos
762 2942 835 2989 esse
859 2929 896 2987 et
917 2911 1094 2986 Ecclesiae
1112 2909 1242 2991 hostes.
1291 2919 1474 2992 nationem
1495 2919 1617 2988 vivere
1639 2940 1779 2987 necesse
1798 2930 1850 2987 est
1870 2928 2016 3009 propter
2033 2913 2228 2986 Ecclesiam
2248 2928 2285 2984 et

249 3025 362 3118 Saepe
383 3023 493 3114 igitur
517 3046 654 3092 mecum
677 3021 838 3112 disputo,
870 3041 935 3087 cur
962 3037 1104 3086 neeesse
1123 3014 1170 3087 sit
1189 3041 1243 3102 ea,
1292 3014 1483 3101 πολιτείας.
1542 3017 1662 3110 Quare
1676 3018 1801 3104 doleo,
1832 3041 1899 3087 nos
1913 3017 2070 3087 amisisse
2085 3016 2283 3108 principem

249 3152 340 3222 quae
370 3127 555 3204 docemus,
593 3121 767 3204 retinere,
807 3143 846 3188 ac
876 3118 1041 3210 disputo,
1082 3118 1243 3208 sepositis
1292 3116 1535 3217 Ernestumij
1556 3135 1715 3211 tempore
1730 3121 1833 3190 valde
1846 3119 1998 3205 difficili3
2031 3119 2135 3189 doleo
2152 3130 2187 3187 et
2201 3111 2284 3186 Lo-

250 3229 432 3300 interdum
461 3221 574 3294 titulis
602 3222 756 3314 partium
785 3243 825 3292 ac
846 3217 1057 3304 factionum3
1100 3243 1244 3314 quaero,
1292 3246 1419 3294 nerum
1447 3218 1625 3310 Ecclesiae
1655 3243 1739 3291 suae
1774 3233 1935 3312 ereptum
1965 3241 2057 3306 esse,
2096 3243 2137 3289 ac
2162 3233 2283 3290 metuo

251 3329 359 3426 quid,
398 3349 462 3396 cur
489 3323 714 3392 sentiendum
742 3323 803 3406 sit,
843 3334 878 3390 et
908 3321 946 3390 in
973 3315 1038 3391 hac
1068 3323 1241 3394 sententia
1291 3348 1456 3416 magnam
1478 3325 1554 3394 lore
1577 3335 1611 3393 et
1633 3322 1867 3414 perniciosam
1885 3320 2287 3392 eolocomutationem.

252 3427 457 3524 acquiesco,
490 3448 571 3494 cum
595 3448 668 3493 non
689 3423 801 3494 simus
816 3417 1004 3512 Epicurei,
1034 3424 1095 3492 sed
1111 3425 1243 3494 sentia·
1291 3425 1389 3498 Deus
1409 3439 1524 3496 servet
1549 3425 1627 3517 pios
1654 3425 1907 3514 gubernatores
1930 3423 2064 3516 ubique
2086 3421 2283 3492 terrarum!

251 3555 331 3603 mus
346 3552 428 3599 vere
447 3549 520 3596 esse
535 3521 670 3608 Deum,
702 3539 737 3597 et
758 3519 849 3595 hanc
866 3523 977 3613 ipsam
990 3524 1189 3594 doctrinam
1204 3526 1243 3596 in
1290 3525 1369 3618 Ego
1392 3551 1467 3598 non
1488 3550 1568 3597 sum
1589 3526 1717 3596 missus
1733 3523 1986 3609 Ratisbonam,
2017 3525 2079 3593 sed
2099 3516 2285 3615 Georgius

250 3629 411 3706 Ecclesia
424 3651 486 3720 per
500 3619 688 3718 propbetas
704 3641 740 3698 et
754 3625 931 3718 apostolos
945 3625 1110 3697 traditam
1124 3650 1242 3698 veram
1291 3623 1447 3714 Maior,
1473 3651 1587 3722 aquo
1615 3629 1776 3698 nondum
1790 3626 1911 3697 literas
1934 3625 2142 3715 accepimus.
2191 3621 2286 3694 Nam

252 3759 326 3808 esse
358 3747 392 3804 et
422 3729 580 3808 minam,
629 3729 824 3798 necessario
863 3749 940 3796 cam
974 3728 1178 3800 discendam
1208 3742 1244 3800 et
1292 3733 1440 3824 opinor,
1478 3729 1635 3822 primum
1676 3751 1737 3797 eos
1772 3727 1909 3797 venisse
1936 3723 2171 3799 Ratisbonam
2201 3739 2286 3795 ante

251 3833 534 3929 amplectendam
572 3851 647 3899 esse
685 3853 822 3902 censeo.
888 3824 1050 3922 Cumque
1081 3843 1243 3900 aeternus
1293 3832 1491 3906 octiduum.
1554 3823 1630 3899 Alii
1663 3828 1842 3913 scribunt,
1881 3823 2044 3899 noudum
2082 3827 2190 3897 fuisse
2228 3829 2286 3896 in-

250 3954 352 4032 pater
384 3940 428 4008 de
457 3931 640 4016 filiosuo,
673 3931 823 4002 domino
842 3941 964 4000 nostro
990 3927 1068 4000 lesu
1088 3924 1244 4018 Christo,
1293 3929 1440 4005 choatos
1462 3953 1668 4022 congressus
1689 3929 1921 4001 eruditorum.
1972 3927 2151 4000 Viennam
2169 3930 2286 3998 redie-

251 4041 417 4114 crucifixo
446 4061 510 4128 pro
541 4033 647 4104 uobis
675 4047 709 4104 ct
731 4033 955 4116 resuscitato,
996 4033 1108 4104 dicat:
1147 4029 1243 4104 hunc
1293 4048 1378 4106 runt
1400 4031 1523 4124 legati,
1562 4031 1625 4125 qui
1647 4031 1807 4123 proximo
1831 4029 1922 4102 lulio
1944 4051 1965 4100 a
1990 4027 2151 4101 Venetiis
2168 4032 2285 4100 solve-

250 4141 390 4214 audite!
433 4161 562 4230 sequor
576 4125 672 4204 bunc
694 4151 730 4208 et
744 4135 851 4205 audio
869 4135 907 4200 in
922 4129 1097 4218 Ecclesia,
1130 4133 1244 4220 idest,
1293 4149 1398 4218 runt,
1437 4129 1517 4229 αι’)
1542 4131 1702 4203 inducias
1727 4155 1746 4201 a
1769 4129 1923 4203 Turcico
1945 4143 2098 4228 tyranno
2115 4145 2288 4224 peterent.

251 4243 462 4316 circumlero
501 4235 723 4306 eruditorum
764 4236 965 4304 sententias.
1027 4232 1125 4304 Haec
1163 4259 1243 4305 cum
1294 4233 1473 4306 Adierunt
1497 4233 1606 4304 unius
1628 4233 1715 4303 anni
1739 4225 1950 4328 ἀνακωχήν.
2007 4229 2117 4304 Mitto
2143 4234 2210 4303 tibi
2226 4255 2288 4325 pa-

251 4345 364 4430 lacio,
397 4365 470 4412 non
498 4333 596 4408 aliud
620 4358 730 4426 genus
752 4335 934 4406 doctrinae
956 4335 993 4404 in
1012 4336 1170 4408 lontibus
1187 4335 1244 4404 iu·
1294 4337 1414 4428 gellas.
1484 4333 1526 4404 ln
1554 4335 1692 4426 legibus
1721 4335 1852 4405 nostris
1883 4335 1921 4404 in
1952 4333 2023 4402 line
2053 4333 2289 4404 contiuncula

252 4449 358 4520 venio
376 4465 484 4540 quam
499 4439 594 4534 quod
611 4437 774 4529 amplecti
793 4461 847 4506 sne
864 4437 1024 4505 ostendo.
1072 4433 1245 4507 Necsunt
1294 4433 1444 4508 Paulina
1487 4449 1668 4530 utcunque
1710 4434 1853 4506 recitata
1892 4449 1961 4520 est,
2014 4458 2121 4529 wem
2170 4436 2287 4523 legito.

253 4553 424 4622 obscurae
449 4537 727 4623 controversiae,
766 4561 831 4608 nec
856 4537 1013 4606 difficilis
1036 4537 1244 4608 diiudicatio
1296 4537 1445 4609 Gaudeo
1470 4550 1504 4608 te
1529 4539 1649 4607 abesse
1670 4561 1689 4606 a
1710 4535 1921 4626 Nauburga,
1951 4548 2155 4630 taqueum,
2179 4537 2289 4607 utio-

253 4667 305 4724 est
342 4645 568 4720 mediocriter
606 4638 731 4712 doctis.
795 4635 952 4708 Tantum
991 4632 1059 4706 hoc
1090 4639 1246 4728 postulat
1296 4664 1376 4709 veas
1397 4637 1574 4710 Ecclesiae
1598 4635 1868 4708 Brunsvicensis
1889 4636 2126 4708 concordiam.
2189 4636 2289 4706 Bene

260 4747 436 4846 Vitus¹),
469 4761 511 4818 ut
542 4742 772 4837 profiteamur
807 4759 873 4808 nos
903 4737 993 4806 velle
1027 4738 1140 4808 socios
1172 4761 1246 4808 esse
1296 4740 1383 4813 vale.
1435 4739 1590 4810 Salutem
1616 4751 1700 4830 opto
1723 4735 1768 4806 D.
1789 4729 1931 4831 Nigro,
1969 4737 2048 4808 viro
2069 4739 2288 4812 doctissimo.

254 4853 536 4950 parricidarum,
569 4842 632 4940 qui
656 4837 875 4912 interficiunt
898 4833 1059 4908 homines
1076 4837 1247 4910 innocen·
1295 4837 1364 4910 Die
1380 4841 1613 4918 sanctissimo,
1637 4864 1708 4932 quo
1728 4837 1819 4908 lilius
1835 4837 1902 4908 Dei
1918 4839 1955 4908 in
1972 4841 2144 4930 templum
2160 4841 2290 4910 allatus

255 5037 463 5068 „.........
1296 4941 1473 5032 ostendit,
1516 4963 1551 5008 se
1582 4937 1857 5030 primogenitum
1882 4963 1957 5011 esse
1979 4940 2208 5032 praecipuum
2233 4941 2289 5010 di-

1304 5143 1511 5162 ψ

290 5175 320 5246 ¹)
336 5171 439 5230 Utrum
454 5167 517 5220 bsec
534 5163 618 5218 rerba
633 5157 701 5216 lects
714 5153 816 5212 luerim
833 5151 864 5207 in
876 5149 987 5212 codiee.
1010 5167 1044 5204 su
1058 5149 1190 5222 adscripta
1203 5151 1247 5206 tu.

327 5239 401 5300 dicio
421 5227 620 5310 Dailsustedtii,
651 5243 709 5280 nou
735 5222 846 5296 quidem
867 5217 985 5290 dicitur,
1014 5217 1061 5271 sed
1081 5216 1139 5273 siue
1163 5219 1247 5276 dubio

328 5309 457 5368 Bsttms.
477 5323 508 5360 sa
528 5299 592 5372 legit
611 5315 638 5350 us
657 5293 763 5352 eottee.
807 5288 910 5360 Utique
928 5285 996 5342 ltsec
1015 5285 1126 5356 epistota
1137 5285 1248 5342 Melan·
1433 5343 1441 5358 ·
1463 5343 1468 5356 ι
1731 5338 1738 5352 .
1769 5337 1776 5352 ·

328 5379 439 5436 thosan
460 5373 507 5446 qni
524 5366 677 5442 saepissime
694 5363 810 5420 siecum
831 5356 984 5414 ιωίιοηιιι
1006 5352 1117 5411 somine
1132 5354 1248 5428 mque,
1332 5343 1499 5412 niscatur
1522 5357 1634 5412 rerum,
1657 5339 1700 5396 vat
1718 5337 1813 5394 amus,

327 5457 469 5506 auctorem
485 5439 583 5516 bsbsrs
595 5441 693 5509 potest.
1330 5425 1361 5496 Ι)
1379 5425 1541 5494 Emessam,
1567 5424 1675 5478 Ducem
1696 5417 1944 5491 luneburgensem.

297 5539 325 5600 lt
344 5534 424 5592 Vites
447 5522 641 5586 bmrrltsclsius
656 5517 686 5576 ist
705 5511 851 5576 Audeat·
868 5507 1075 5582 inflobtsd'ssns.
1332 5509 1361 5582 4)
1378 5518 1409 5564 ut
1426 5505 1523 5579 scripsi
1542 5524 1593 5579 pro
1610 5523 1660 5574 sss,
1691 5503 1764 5574 quod
1782 5504 1864 5559 codes
1883 5505 1969 5561 babet.

1333 5263 1361 5327 l)
1378 5259 1451 5314 llaec
1467 5260 1546 5314 Dans
1576 5252 1764 5329 praetermisit.

1437 5821 1481 5877 ss,
1576 5788 1619 5860 ”.·
