4744 6254
251 369 327 450 tat

241 543 375 618 ¹Missa
397 545 488 616 ritus
521 539 778 614 dissimillimos
807 539 1013 610 latinorum.
1064 531 1155 621 Quis
1186 555 1257 602 un-

242 673 371 743 -quam
393 647 551 741 prudens
571 647 629 714 vir
650 658 836 735 propterea
858 640 1047 722 iudicavit,
1080 635 1162 705 illos
1183 657 1257 704 esse

241 751 394 840 -impios
416 761 478 818 aut
499 760 646 840 propter
669 746 749 814 illas
772 741 1028 814 controversias
1050 737 1145 808 bella
1178 759 1258 805 rno-

263 853 399 931 venda‚
430 861 491 920 aut
507 847 686 918 saevitiam
704 848 859 939 aliquam
880 841 1140 933 suscipiendam
1162 839 1258 907 esse?

264 951 340 1022 Nec
358 975 442 1022 vero
462 947 528 1020 hac
550 948 718 1019 servitute
741 947 884 1016 ecclesia
908 943 1088 1014 oneranda
1115 952 1185 1024 est,
1217 952 1259 1010 ut

265 1053 502 1132 existimetur,
535 1050 729 1121 necessaria
750 1072 825 1117 esse
848 1047 1009 1116 omnium
1033 1058 1258 1114 externorum

266 1155 307 1222 in
322 1155 467 1224 ecclesia
478 1153 690 1221 similitudo.
742 1147 790 1219 Et
806 1162 923 1218 tamen
939 1170 1006 1217 nos
1026 1169 1102 1216 non
1119 1166 1259 1212 recusa-

266 1281 347 1328 mus
361 1279 483 1326 omnes
499 1255 644 1324 usitatos
659 1252 748 1322 ritus
768 1251 919 1319 retinere
939 1261 1083 1341 propter
1098 1245 1260 1315 dilectio-

266 1381 371 1443 nem,
392 1357 454 1450 qui
468 1379 541 1426 non
557 1356 703 1424 laedunt
717 1351 982 1423 conscientiam.
1022 1349 1092 1420 Sed
1108 1347 1260 1418 ablicere

268 1459 452 1548 coniuges,
476 1457 625 1540 liberos,
646 1455 752 1523 tidem
768 1453 986 1523 matrimonii
1000 1452 1151 1533 violare,
1174 1441 1259 1517 haec

268 1584 351 1629 vero
363 1571 482 1630 vetant
496 1579 568 1627 non
584 1555 851 1627 solumdivinae
860 1555 966 1644 leges,
988 1555 1047 1622 sed
1064 1552 1139 1643 ipsa
1154 1564 1260 1620 ettam

267 1674 416 1743 natura,
446 1660 515 1752 ipsi
536 1660 641 1729 etiarn
658 1671 792 1726 veteres
812 1679 972 1726 canones.
1024 1653 1057 1723 T
1060 1666 1181 1722 autum
1203 1650 1261 1718 iu-

268 1764 355 1832 bent
387 1763 424 1830 id
459 1785 572 1830 novae
603 1760 775 1851 quaedam
808 1759 1017 1850 tyrannicae
1047 1753 1260 1824 Pontificum

268 1863 554 1947 constitutiones,
585 1861 702 1953 palam
720 1883 800 1944 cum
819 1860 961 1944 divino,
986 1856 1141 1925 naturali
1156 1866 1261 1947 atque

271 1965 504 2036 ecclesiastico
521 1963 599 2032 iure
611 1973 820 2052 pugnantes.

374 2064 473 2155 Quid
489 2067 534 2134 de
553 2078 587 2135 te
608 2062 761 2132 sentiant
777 2060 855 2140 isti,
888 2059 951 2153 qui
972 2072 1090 2129 tantae
1109 2054 1263 2126 crudeli-

270 2168 353 2239 tatis
375 2165 555 2236 auctorem
579 2176 686 2256 atque
711 2162 961 2231 administrum
984 2173 1018 2232 te
1041 2159 1117 2228 lieri
1139 2169 1263 2248 postu-

271 2271 368 2349 lant,
401 2268 505 2337 etiam
528 2278 634 2359 atque
650 2262 755 2334 etiam
781 2264 977 2333 considera.
1026 2260 1101 2330 Nos
1118 2260 1262 2353 quidem

273 2385 365 2440 certe
390 2384 467 2438 eam
492 2368 558 2438 tibi
580 2366 752 2437 bonitatis
773 2365 914 2457 laudem
935 2362 1112 2433 exanimo
1133 2361 1263 2430 tribui-

269 2487 370 2555 mus,
402 2483 443 2540 nt
463 2483 600 2539 tantam
616 2468 839 2561 iniquitatem
858 2467 895 2533 in
913 2479 1075 2534 naturam
1090 2476 1187 2532 tuam
1205 2485 1257 2530 ca-

273 2574 356 2642 dere
370 2594 444 2641 non
459 2593 560 2662 posse
570 2570 791 2642 arbitremur.
846 2566 983 2636 Tamen
1000 2589 1045 2634 ne
1059 2567 1180 2634 fucum
1195 2561 1262 2634 tibi

270 2674 375 2743 faciat
390 2673 554 2743 ecclesiae
575 2670 719 2756 titulus,
750 2692 858 2762 quam
873 2692 1008 2738 summa
1025 2667 1184 2738 afficiunt
1204 2665 1263 2732 in-

270 2774 382 2858 iuria,
415 2798 497 2844 curn
512 2783 721 2864 praetexunt
736 2784 836 2842 tuum
854 2769 1111 2840 sanctissimum
1131 2789 1261 2836 nomen

272 2877 438 2948 omnibus
451 2875 661 2958 sceleribus,
685 2871 926 2954 idololatriae,
956 2871 1175 2954 crudelitati,
1199 2869 1261 2936 de-

270 2979 380 3071 nique
406 3001 451 3047 ne
473 2977 614 3046 dubites
634 2975 723 3044 falso
745 2973 889 3063 allegari
911 2971 1055 3040 titulum
1078 2970 1260 3040 eeclesiae:

271 3079 375 3150 Pauli
392 3079 605 3152 sententiam
620 3071 746 3155 habes,
773 3097 862 3168 quae
876 3061 1108 3163 impostorum
1126 3064 1164 3166 *)
1188 3071 1261 3163 spi-

272 3183 362 3252 ritus
378 3193 412 3249 et
427 3182 616 3250 daemones
630 3178 680 3248 ait
694 3190 853 3247 auctores
869 3197 941 3243 esse
958 3169 1260 3262 prohibendarum

269 3282 489 3373 nuptiarum.
538 3279 621 3350 Non
641 3277 751 3367 igitur
773 3276 914 3346 ccclesia
938 3271 1073 3344 Christi
1097 3275 1156 3344 sed
1177 3277 1262 3342 dae-

270 3405 395 3453 mones
419 3381 681 3450 interdixerunt
702 3391 806 3448 antea
826 3376 1005 3446 connubia
1023 3370 1108 3444 huic
1131 3374 1261 3444 ordini.

270 3480 337 3568 Et,
371 3483 467 3576 quod
483 3495 535 3554 est
554 3481 667 3550 multo
687 3479 859 3563 atrocius,
890 3501 988 3547 nunc
1005 3476 1152 3562 iubent,
1184 3476 1261 3565 cogi

270 3584 435 3670 maritos,
471 3596 512 3654 ut
544 3605 672 3653 uxores
702 3581 889 3664 abiiciant‚
926 3579 1057 3649 liberos
1086 3579 1261 3658 deserant,

254 3688 400 3758 ‚iubent
420 3697 454 3756 et
474 3707 542 3754 nos
563 3683 778 3753 miserrimas
802 3680 1029 3751 mulierculas
1054 3673 1213 3750 abstrahi
1240 3703 1258 3748 a

271 3789 409 3859 maritis
422 3785 807 3857 etdulcissimisliberis
822 3783 962 3868 nostris,
983 3780 1259 3868 cumlercetiam

270 3890 422 3960 interfici
444 3911 481 3958 ee
512 3885 761 3981 potiusquam
789 3884 921 3975 depelli
950 3908 969 3954 a
1004 3884 1099 3954 natis
1131 3882 1260 3956 sinant.

270 3989 388 4064 Deum
402 3988 657 4060 immortalem!
690 4011 765 4058 non
788 3987 869 4057 satis
889 3985 963 4078 ipsa
978 3985 1168 4056 crudelitas
1183 4009 1261 4054 ma-

271 4101 380 4181 gnum
391 4088 636 4179 argumentum
649 4105 712 4172 est,
739 4111 827 4183 quae
834 4083 1030 4158 Ecclesiam
1046 4089 1092 4158 ad
1106 4081 1261 4156 hocbel-

271 4193 349 4261 lum
374 4193 589 4262 movendum
603 4237 683 4267 .....
699 4190 882 4262 classicum
906 4185 1067 4260 Ecclesia
1091 4211 1131 4258 ac
1152 4183 1260 4259 Chri-

270 4395 476 4464 mendacem
508 4405 542 4463 et
574 4393 785 4485 parricidam
818 4415 892 4464 esse
910 4387 1075 4466 Christus
1098 4401 1261 4484 pronun·
1305 4403 1329 4474 q

271 4495 341 4568 ciat
359 4485 433 4590 ”).

272 4829 341 4903 Nu.
358 4829 469 4904 5863.

277 4927 451 4984 W

1129 4845 1161 4904 1.
1175 4832 1260 4898 Maii.

1126 4930 1258 4960 M

640 4981 691 5065 Ρ.
728 4981 880 5068 Etero.

340 5145 425 5216 Epist.
444 5143 492 5200 lib.
507 5143 544 5198 ll.
563 5164 590 5219 p.
605 5143 664 5201 185.
684 5144 739 5215 (ed.
753 5143 846 5202 Laud.
863 5143 954 5200 lihll.
966 5160 1010 5215 cp.
1021 5141 1105 5208 121.).

269 5255 480 5274 m

307 5321 337 5389 *l
357 5324 427 5379 Cod.
439 5321 519 5377 Basil.
532 5321 575 5378 89.
594 5323 723 5378 mendose
737 5325 768 5376 in
776 5335 937 5392 posterum.

308 5406 354 5530 “p
370 5405 460 5488 'lotus
471 5404 561 5486 locust
587 5407 689 5488 Dema·
699 5409 890 5460 immortalem
905 5415 973 5490 etc..‚
995 5404 1216 5488 quent-descripti
1233 5412 1264 5488 pt

252 5503 257 5512 ·
353 5487 441 5547 egitur
453 5491 482 5527 ιιι
494 5473 605 5542 caduce,
623 5475 760 5531 mutilatus
772 5485 829 5550 eat,
844 5475 1048 5549 nequendetur
1057 5474 1104 5533 hae
1116 5475 1184 5531 tllttd
1192 5493 1261 5534 aen·

338 5555 416 5616 ptum
429 5541 583 5598 absolutum
598 5543 693 5604 tuine.

845 355 1285 439 EPISTOLARUM
1334 357 1440 433 LIB.
1472 357 1519 436 tt
1573 353 1706 430 1547.

2230 353 2304 430 582

1590 523 1646 604 D.
1673 519 1828 598 Paulo
1855 521 2011 600 Etero

1301 657 1348 748 S.
1375 674 1420 750 D.
1472 674 1563 748 Cum
1586 677 1675 747 aliae
1696 676 1852 747 familiae
1865 677 2024 767 integrae
2036 663 2212 746 ‘dimissae
2230 675 2303 746 sint

1303 805 1345 849 ex
1362 779 1514 874 oppido,
1534 794 1612 870 post
1626 793 1802 870 acceptam
1817 779 1953 848 cladem
1969 781 2013 848 ad
2031 773 2180 863 Albim,
2200 801 2302 870 spero

1304 895 1337 950 te
1354 905 1495 974 quoquc
1510 881 1549 948 in
1567 881 1693 950 itinere
1711 903 1803 966 esse,
1827 894 2001 974 tuumque
2015 883 2211 950 adventum
2227 881 2304 948 val-

1304 986 1348 1053 de
1364 996 1459 1074 opto.
1512 981 1583 1052 Sed
1596 979 1688 1052 hanc
1704 983 1888 1074 epistolam
1905 983 1935 1050 si
1955 983 2106 1074 accipies
2122 996 2246 1056 curato
2265 995 2305 1050 ut

1304 1108 1380 1154 mos
1404 1097 1546 1172 geratur
1566 1084 1780 1154 adolescenti
1802 1084 1937 1168 nobili,
1975 1085 2033 1156 cui
2055 1083 2305 1153 testimonium

1305 1200 1337 1256 tc
1351 1187 1390 1254 in
1407 1199 1542 1277 pascate
1558 1186 1635 1275 ipso
1653 1185 1805 1255 scribere
1826 1185 2036 1270 meministi,
2065 1185 2105 1254 in
2126 1211 2199 1278 qno
2222 1209 2305 1254 cnm

1303 1289 1476 1358 fuerimus
1499 1286 1744 1379 perliberales‚
1775 1301 1894 1358 tamen
1916 1288 2052 1382 aliquid
2067 1288 2305 1362 desideratur.

1304 1387 1353 1460 Et
1368 1389 1467 1458 vides
1482 1402 1641 1481 tempora
1653 1389 1853 1458 studiorum
1871 1389 1909 1458 in
1923 1384 2115 1459 Academia
2136 1385 2306 1484 ἀκριβῶς

1191 1549 1199 1565 .
1306 1491 1487 1561 numerari
1503 1515 1522 1560 a
1538 1490 1729 1563 canonicis.
1767 1489 1863 1560 Petit
1879 1492 1988 1580 igitur
2000 1491 2209 1560 adolescens
2226 1515 2306 1580 mu-

1305 1594 1373 1664 tari
1388 1593 1559 1673 formam,
1592 1592 1730 1662 circiter
1750 1593 1965 1676 triennium,
1998 1605 2033 1662 et
2056 1593 2167 1662 scribi
2193 1594 2306 1661 trien-

1305 1694 1405 1764 nium
1424 1693 1619 1782 integrum,
1648 1693 1769 1764 minus
1785 1694 1898 1764 tribus
1918 1693 2113 1768 mensibus.
2166 1693 2305 1766 Censeo

1306 1797 1340 1865 ei
1355 1795 1622 1884 gratificandum
1639 1819 1723 1867 esse.
1775 1793 1852 1866 lmo
1870 1796 1997 1865 vellem
2013 1797 2044 1864 ei
2064 1797 2154 1865 duas
2172 1797 2307 1867 formas

1305 1895 1420 1982 mitti,
1452 1897 1490 1964 in
1508 1921 1659 1990 quarum
1680 1897 1789 1967 altera
1813 1897 1983 1990 scriptum
2002 1911 2090 1968 essct
2104 1897 2318 1968 triennium⁴

1307 2000 1503 2088 integrum,
1529 1999 1605 2067 sine
1622 1991 1895 2094 ἐπανορθώσει,
1927 2000 1966 2068 in
1979 2000 2090 2069 altera
2103 2000 2306 2071 triennium

1306 2101 1484 2190 integrum
1502 2101 1620 2169 minus
1642 2100 1757 2168 tribus
1774 2103 1971 2186 mensibus,
2001 2115 2042 2172 ut
2066 2101 2142 2192 ipse
2168 2105 2306 2195 petivit.

1306 2201 1389 2272 Non
1412 2201 1522 2270 simus
1546 2201 1705 2270 difficiles
1728 2215 1762 2272 et
1778 2203 1930 2288 morosi,
1959 2203 1999 2272 in
2020 2227 2057 2271 re
2080 2227 2157 2274 non
2185 2210 2306 2294 magni

1307 2304 1490 2386 momenti,
1517 2317 1550 2372 ct
1565 2318 1661 2393 grata
1678 2303 1732 2371 illi
1748 2305 1810 2396 qui
1827 2327 1907 2395 pars
1922 2305 2041 2397 aliqua
2051 2307 2167 2376 nostri
2185 2323 2307 2378 coctus

1307 2407 1385 2476 luit.
1436 2402 1552 2474 Deum
1573 2420 1753 2474 aeternum
1771 2403 1912 2476 Patrem
1928 2403 2076 2476 Domini
2092 2410 2211 2478 nostri
2229 2409 2308 2481 lesu

1306 2503 1441 2577 Christi
1462 2530 1545 2591 oro,
1577 2518 1619 2575 ut
1639 2506 1775 2593 mitiget
1790 2531 1939 2596 poenas,
1971 2521 2005 2578 et
2020 2523 2053 2578 te
2069 2523 2104 2578 et
2121 2511 2308 2581 ecclesiam

1308 2625 1404 2681 tuam
1419 2607 1649 2678 domesticam
1666 2620 1698 2676 et
1720 2609 1899 2698 publicam
1915 2623 2040 2682 servet.
2091 2608 2307 2708 Lachrymis

1307 2724 1341 2781 et
1355 2711 1478 2779 dolore
1496 2710 1673 2800 impedior
1695 2733 1740 2778 ne
1763 2711 1865 2802 plura
1881 2712 2045 2781 scribam.
2097 2709 2201 2784 Bene
2219 2719 2307 2802 vale,

1306 2809 1381 2886 Cal.
1399 2811 1501 2884 Maii.

1305 3183 1373 3256 No.
1386 3181 1498 3256 3864.

1311 3279 1485 3310 Μ
2162 3287 2299 3312 Μ

1657 3363 1952 3480 C.Cruciger0.

1375 3525 1461 3602 epac
1488 3525 1596 3584 narn.
1618 3543 1644 3597 p.
1659 3527 1716 3583 ιιι.
1741 3527 1897 3594 (camna.
1922 3528 2034 3588 nant.
2053 3529 2185 3604 aava).
2228 3539 2307 3608 aa.

1409 3595 1510 3736 grapho
1536 3595 1565 3650 iu
1589 3596 1836 3655 cottseorhants
1861 3599 1921 3655 191.
1953 3599 2060 3674 ΜΞ,
2092 3609 2120 3656 et
2145 3603 2214 3662 cod.
2247 3611 2305 3664 sot.

1508 3812 1563 3887 D.
1581 3805 1801 3914 Casparo
1826 3811 2094 3916 Crucigcro.

1304 3949 1351 4042 S.
1376 3965 1421 4040 D.
1455 3957 1839 4063 CharissimeCospar‚
1864 3965 1947 4038 Non
1964 3969 1994 4040 si
2005 3982 2143 4042 tantum
2155 3972 2309 4074 lachry-

1304 4093 1443 4140 marum
1466 4068 1616 4138 fundere
1635 4089 1794 4159 possem,
1837 4083 2009 4164 quantum
2032 4095 2142 4167 aquae
2162 4077 2308 4152 flumen

1305 4166 1435 4256 Athis,
1473 4182 1508 4239 et
1528 4185 1641 4238 vestra
1666 4181 1700 4240 et
1723 4185 1841 4242 nostra
1868 4173 2010 4246 moenia
2042 4180 2306 4266 praeterfluens
2367 4255 2368 4258 ,

271 4294 364 4365 3113„
381 4293 586 4376 ‚‚,‚f30110‚
620 4317 709 4384 quae
726 4293 877 4382 agitatur
899 4293 945 4362 ab
967 4313 1209 4382 ep„„quem
1227 4302 1261 4380 ep
1304 4276 1411 4368 pleno
1436 4272 1537 4341 alveo
1556 4270 1685 4356 volvit,
1717 4265 1897 4343 exhauriri
1920 4298 2020 4346 meus
2043 4278 2148 4350 dolor
2171 4300 2309 4376 posset,

1330 4401 1375 4446 uo
1391 4373 1572 4444 excrucior
1585 4387 1729 4464 propter
1741 4374 1897 4458 cladem,
1919 4374 1958 4446 in
1974 4402 2042 4471 qua
2057 4394 2179 4454 noster
2190 4383 2309 4458 Prio-

1307 4500 1405 4571 ceps,
1430 4475 1494 4569 qui
1509 4487 1601 4546 certe
1618 4473 1743 4545 dilexit
1759 4471 1953 4548 Ecclesiam
1972 4493 2006 4550 ct
2019 4480 2220 4572 iustitiam,
2247 4516 2308 4562 ca-

1306 4594 1388 4673 ptus
1403 4593 1465 4651 est.

1380 4693 1429 4768 Et
1442 4694 1575 4767 multae
1592 4718 1740 4786 magnae
1756 4717 1880 4766 causae
1893 4695 1932 4766 in
1949 4691 2017 4769 hoc
2030 4697 2129 4774 luctu
2147 4685 2309 4781 concur-

2168 3203 2202 3262 1.
2223 3193 2307 3258 Maii.
2370 3237 2371 3252 .

1307 4812 1408 4871 runt:
1433 4796 1682 4868 Misericordia
1696 4797 1826 4891 captivi
1839 4798 1974 4887 ingenti
1986 4801 2134 4879 allicior.
2182 4805 2308 4884 Video
2365 4853 2366 4878 ι

1307 4912 1505 4971 secuturam
1526 4899 1709 4970 doctrinae
1724 4899 1959 4972 mutationem
1981 4915 2017 4972 et
2038 4927 2150 4976 novas
2169 4909 2308 4986 distm-

1307 5003 1440 5096 ctiones
1455 4997 1708 5072 Ecclesiarum:
1734 4998 1874 5072 Deinde
1887 5016 2061 5094 quantum
2076 5007 2204 5098 decus,
2229 5017 2307 5086 dis.

1307 5105 1419 5197 sipata
1434 5097 1554 5173 schola
1578 5116 1698 5173 nostra
1722 5090 1953 5192 extinguitur:
1985 5105 2060 5178 Nos
2080 5109 2308 5192 divellimur.

1306 5203 1470 5276 Proiecto
1494 5205 1525 5274 si
1546 5205 1626 5296 quis
1641 5199 1759 5275 adbuc
1781 5204 1938 5276 consiliis
1957 5207 2057 5279 locus
2079 5229 2189 5301 esset,
2223 5221 2309 5294 istic

1307 5308 1346 5376 in
1365 5307 1619 5377 consuetudine
1633 5319 1746 5378 vestra
1769 5321 1803 5378 et
1824 5310 1870 5376 ad
1890 5331 1967 5382 aras
1981 5324 2115 5382 vestras
2130 5320 2187 5388 vel
2206 5327 2307 5396 mori

1307 5409 1446 5493 malim,
1480 5431 1586 5503 quam
1600 5409 1640 5476 in
1657 5401 1726 5478 boc
1744 5408 1849 5478 exilio
1866 5412 2006 5500 vagari,
2037 5413 2077 5483 in
2093 5441 2165 5510 quo
2180 5434 2309 5497 tamen

1307 5511 1466 5607 quotidie
1480 5510 1699 5584 contabesco.
1748 5508 1844 5580 Deus
1859 5525 2024 5590 aeternus
2036 5513 2309 5598 PaterDomiui
